3173 4957
913 425 1008 472 ns
1063 423 1300 474 annno
1348 423 1693 474 ‘raoni-zo
1743 425 1887 474 ms.
1936 427 2035 475 vr.
2410 411 2538 474 557

353 569 490 634 His
515 568 666 633 fidit
692 568 880 634 telis:
913 575 987 633 at
1013 587 1152 633 non
1175 569 1507 650 patiemur
1527 566 1812 633 Achivi:
1855 628 1859 632 .

349 671 443 736 Et
473 672 532 734 si
564 679 754 752 turpe
782 669 944 735 viris
971 669 1241 734 timidas
1269 670 1528 734 calcare
1569 668 1855 751 puellas,
2412 671 2541 736 615

349 773 485 838 Ibo
508 778 730 837 tamen
758 777 1016 836 contra.
1097 771 1218 836 Sic
1250 771 1386 848 ille,
1417 775 1488 834 at
1516 770 1705 851 virgo
1736 769 2082 854 loquacem

348 874 582 939 Tarda
609 873 807 956 sequi
835 891 1095 950 sexum,
1127 873 1326 938 velox
1357 871 1443 936 ad
1471 871 1731 956 praelia,
1759 873 1907 937 solo

350 975 755 1058 Respondet
771 973 1004 1057 jaculo
1039 994 1057 1038 t
1087 974 1300 1039 fatum
1321 975 1743 1039 miserabile!
1790 975 2055 1056 lapsum

350 1075 582 1140 Hasta
611 1076 759 1139 solo
785 1074 971 1158 figit:
1015 1076 1310 1159 pendent
1341 1077 1650 1159 vestigia,
1676 1095 1992 1160 proeceps

350 1177 462 1240 Ire
489 1175 754 1240 laborat
779 1196 1017 1259 equus,
1047 1177 1276 1261 cuspis
1303 1183 1508 1254 vetat,
1538 1185 1743 1262 atque
1773 1179 1869 1243 ita
1898 1179 2178 1263 carptim
2408 1179 2540 1244 620

350 1277 598 1342 Infelix
625 1277 769 1342 diro
798 1278 1094 1342 lacerant
1118 1280 1477 1344 certamine
1497 1299 1762 1364 corpus.

437 1378 650 1444 Haud
675 1381 896 1444 minus
923 1379 1290 1445 Adrastum
1313 1381 1610 1465 Pyrrhus
1636 1381 1911 1466 premit,
1926 1381 2042 1445 ille
2074 1379 2367 1447 Deorum

351 1480 610 1557 Proles,
641 1480 904 1546 mortali
933 1482 1144 1546 vitam
1173 1482 1295 1546 sed
1324 1483 1619 1548 reddidit
1646 1483 1853 1548 hosti.

351 1579 531 1644 Mox
560 1581 736 1646 alias
767 1581 1097 1665 utrimque
1129 1603 1394 1662 manus,
1422 1583 1835 1668 dextrasque
1864 1584 2157 1650 minores

348 1681 708 1747 Accedunt
738 1685 1058 1767 exempla
1086 1684 1370 1751 ducum:
1417 1687 1570 1770 quis
1601 1687 1868 1770 singula
1893 1687 2195 1771 pandat?
2410 1687 2543 1754 625

349 1782 437 1849 'si‘
457 1783 702 1849 fluctus
729 1785 1028 1864 Siculos,
1049 1785 1329 1871 Libycae
1361 1787 1423 1852 si
1450 1787 1699 1852 messis
1720 1789 1991 1865 aristas,
2456 1829 2461 1834 ⁷

351 1887 684 1970 Hyblaeas
713 1887 774 1950 si
805 1890 1024 1951 secter
1051 1906 1243 1969 apes,
1275 1891 1382 1952 tot
1409 1887 1707 1964 vulnera,
1734 1893 1961 1952 tantas

351 1985 567 2052 Haud
605 1995 832 2053 tamen
853 1987 1217 2071 expediam
1245 1988 1506 2054 caedese
1551 2005 1895 2071 nunquam
1926 1995 2083 2054 ante
2116 1987 2457 2054 Machaon

351 2088 694 2168 Pluribus,
723 2094 836 2155 aut
860 2090 1066 2154 tantis
1089 2091 1272 2172 eguit
1301 2089 1693 2156 Podalirius
1721 2083 1968 2157 herbis.

432 2189 481 2254 J
481 2210 722 2273 amque
750 2191 1032 2256 humiles
1057 2182 1393 2276 populata
1427 2208 1667 2255 manus
1696 2209 2082 2256 concurrere
2108 2191 2306 2256 binos
2408 2190 2543 2256 630

349 2291 631 2356 Molitur
658 2292 928 2357 fortuna
957 2293 1193 2370 duces,
1214 2312 1339 2357 nec
1367 2291 1568 2373 longa
1590 2293 1834 2357 morati

347 2392 561 2458 Arma
587 2399 859 2476 parant:
902 2400 1272 2477 parentque
1302 2394 1567 2457 alacres
1592 2411 1613 2454 z
1654 2394 2055 2458 audentibus
2078 2395 2244 2458 olim

350 2493 728 2559 Accessum
758 2512 932 2559 nunc
959 2495 1156 2559 turba
1184 2493 1420 2573 dabat:
1463 2513 1646 2558 nunc
1672 2494 1917 2575 iargior
1938 2514 2109 2557 usus

352 2595 782 2677 camporum,
815 2614 1263 2679 numerusque
1288 2594 1509 2659 minor
1538 2613 1557 2656 ε
1600 2595 1780 2676 prior
1808 2595 2119 2677 improba
2151 2594 2481 2677 Pyrrhum

350 2696 784 2763 Penthesilea
810 2696 1096 2780 premit3
1141 2695 1336 2759 Mars
1370 2694 1573 2771 hunc,
1602 2693 1776 2756 hanc
1805 2693 2041 2775 implet
2072 2694 2267 2777 Enyo
2414 2695 2549 2759 &6

349 2798 465 2863 Ad
495 2816 732 2863 sexum
760 2816 897 2863 non
919 2796 1112 2861 tarda
1140 2814 1338 2860 suum
1366 2816 1384 2860 ε
1421 2793 1728 2860 Tritonia
1756 2794 1988 2872 neutri,

253 2892 262 2903 ’
351 2900 600 2965 Neutri
627 2898 813 2965 Juno
839 2899 1047 2976 favet,
1076 2894 1404 2983 Pyrrhum
1433 2915 1556 2961 nec
1584 2896 1856 2961 vincere
1898 2895 2169 2961 malint:

353 3001 438 3067 ln
465 3001 762 3085 spatium
779 3001 922 3085 jam
945 3000 1193 3065 crescit
1223 3018 1401 3081 ager,
1429 3001 1777 3082 porrectus
1803 3001 2076 3080 uterque

354 3102 639 3182 Contus,
667 3108 943 3186 uterque
973 3101 1179 3179 ensis,
1208 3100 1544 3165 admissos
1575 3099 1765 3162 calce
1794 3098 2078 3180 fatigant
2364 3160 2371 3165 .

356 3203 817 3288 Cornipedest
860 3203 1112 3312 primas
1137 3200 1358 3285 perdit
1381 3199 1501 3263 sed
1531 3199 1891 3263 fraxinus·
1870 3218 2031 3277 uas,
2421 3200 2551 3265 640

353 3304 530 3371 Pars
558 3305 820 3390 clypeis
849 3267 1176 3397 ἰωωῷίεα
1205 3300 1418 3378 sedet,
1449 3318 1611 3382 pars
1630 3299 1975 3381 spargitur
1986 3298 2204 3363 arvis·

358 3406 632 3472 Partem
659 3407 904 3531 dextra
933 3412 1140 3483 tenet,
1167 3422 1329 3467 mox
1357 3400 1599 3465 certior
1624 3418 1783 3463 ense
1812 3398 2186 3487 propinquo

1341 3580 1560 3634 »ποτε
1644 3542 1651 3547 ’

421 3714 522 3760 625
555 3709 798 3758 Accedunt
829 3712 1040 3773 exmpla
1067 3708 1258 3773 duum]
1293 3708 1416 3757 For·
1559 3717 1660 3764 oss
1692 3712 1755 3762 In
1795 3712 2003 3777 :patinam
2032 3711 2141 3774 jam
2192 3712 2362 3765 crescit
2413 3711 2553 3776 ager]

357 3789 502 3837 tasse
523 3783 542 3814 ⁴
567 3782 860 3833 accendunt
877 3784 908 3833 ι’
937 3784 1033 3835 sed
1055 3790 1112 3834 et
1132 3786 1275 3849 priua
1297 3798 1416 3847 pro·
1495 3788 1636 3839 Vide
1659 3803 1713 3839 V.
1736 3792 1851 3839 231.

357 3859 505 3911 bum.
1560 3869 1658 3915 640
1691 3864 1888 3915 Primus
1904 3863 2067 3928 perdit
2089 3867 2170 3916 sed
2179 3852 2412 3926 fraxinus
2432 3864 2555 3928 iras]

423 3940 528 3987 628
541 3934 800 3998 Numquam
811 3940 922 3985 ante
937 3936 1194 4000 Machaon]
1210 3940 1297 3987 De
1312 3939 1419 3988 vul·
1483 3936 1691 4004 'Papim
1720 3940 1788 3990 de
1809 3942 1961 3989 simili
1985 3955 2042 3991 re
2064 3958 2077 3990 :
2114 3943 2130 3970 ‘
2155 3948 2212 3991 et
2238 3949 2417 3991 mutua
2439 3954 2554 4005 per·

358 4010 558 4061 aeratis
581 4010 681 4061 ista
701 4012 980 4075 loquuntur
998 4013 1298 4062 innumeris.
1497 4015 1628 4064 dunt
1648 4016 1911 4065 Vulnera!
1964 4044 1969 4047 -

429 4088 530 4135 6⁸2
557 4086 858 4136 audatius
882 4086 996 4136 olim
1018 4085 1267 4136 Accessum
1298 4102 1420 4137 nunc
1561 4092 1658 4140 641
1693 4090 1819 4141 Pers
1830 4090 2403 4155 clypeisimmmasedet]
2420 4090 2552 4142 Vide

363 4160 508 4209 turbu
525 4161 690 4225 dabat]
720 4161 1034 4213 Jamdudum
1056 4158 1293 4211 conferre
1313 4177 1421 4212 ma·
1501 4178 1581 4215 vr.
1599 4166 1717 4215 2⁷7.

359 4235 808 4303 usta-dentibus,
821 4237 1034 4289 tandem
1043 4236 1270 4288 facultas
1283 4236 1420 4289 data.
