<?xml version="1.0" encoding="UTF-8"?>
<!DOCTYPE html PUBLIC "-//W3C//DTD XHTML 1.0 Transitional//EN"
    "http://www.w3.org/TR/xhtml1/DTD/xhtml1-transitional.dtd">
<html xmlns="http://www.w3.org/1999/xhtml" xml:lang="en" lang="en">
 <head>
  <title>
</title>
<meta http-equiv="Content-Type" content="text/html;charset=utf-8" />
  <meta name='ocr-system' content='tesseract 3.04.00' />
  <meta name='ocr-capabilities' content='ocr_page ocr_carea ocr_par ocr_line ocrx_word'/>
</head>
<body>
  <div class='ocr_page' id='page_1' title='image "./dictyscretensis01dresgoog_0296.png"; bbox 0 0 3173 4957; ppageno 0'>
   <div class='ocr_carea' id='block_1_1' title="bbox 623 355 2095 428">
    <p class='ocr_par' dir='ltr' id='par_1_1' title="bbox 623 355 2095 428">
     <span class='ocr_line' id='line_1_1' title="bbox 623 355 2095 428; baseline -0.005 -1"><span class='ocrx_word' id='word_1_1' title='bbox 623 355 759 428; x_wconf 80' lang='lat'>638</span> <span class='ocrx_word' id='word_1_2' title='bbox 1296 373 1618 422; x_wconf 66' lang='lat' dir='ltr'>non-nu</span> <span class='ocrx_word' id='word_1_3' title='bbox 1670 372 2095 420; x_wconf 55' lang='lat' dir='ltr'>uraniam</span> 
     </span>
    </p>
   </div>
   <div class='ocr_carea' id='block_1_2' title="bbox 626 520 2846 3366">
    <p class='ocr_par' dir='ltr' id='par_1_2' title="bbox 626 520 2846 3366">
     <span class='ocr_line' id='line_1_2' title="bbox 626 520 2808 588; baseline -0.003 0"><span class='ocrx_word' id='word_1_4' title='bbox 626 521 755 588; x_wconf 81' lang='lat' dir='ltr'>sine</span> <span class='ocrx_word' id='word_1_5' title='bbox 798 526 937 586; x_wconf 87' lang='lat' dir='ltr'>anni</span> <span class='ocrx_word' id='word_1_6' title='bbox 966 535 1027 586; x_wconf 87' lang='lat' dir='ltr'>et</span> <span class='ocrx_word' id='word_1_7' title='bbox 1064 527 1181 586; x_wconf 90' lang='lat' dir='ltr'>loci</span> <span class='ocrx_word' id='word_1_8' title='bbox 1225 525 1525 586; x_wconf 85' lang='lat' dir='ltr'>notatione</span> <span class='ocrx_word' id='word_1_9' title='bbox 1552 525 1614 583; x_wconf 89' lang='lat' dir='ltr'>in</span> <span class='ocrx_word' id='word_1_10' title='bbox 1643 528 1702 584; x_wconf 91' lang='lat'>4.</span> <span class='ocrx_word' id='word_1_11' title='bbox 1729 542 1860 584; x_wconf 88' lang='lat' dir='ltr'>cum</span> <span class='ocrx_word' id='word_1_12' title='bbox 1888 523 2072 582; x_wconf 88' lang='lat' dir='ltr'>tribus</span> <span class='ocrx_word' id='word_1_13' title='bbox 2107 521 2464 582; x_wconf 76' lang='lat' dir='ltr'>carminibus</span> <span class='ocrx_word' id='word_1_14' title='bbox 2491 520 2808 584; x_wconf 85' lang='lat' dir='ltr'>Prudentii</span> 
     </span>
     <span class='ocr_line' id='line_1_3' title="bbox 628 617 2813 700; baseline -0.004 -14"><span class='ocrx_word' id='word_1_15' title='bbox 628 633 827 686; x_wconf 80' lang='lat' dir='ltr'>servat</span> <span class='ocrx_word' id='word_1_16' title='bbox 855 623 1005 683; x_wconf 88' lang='lat' dir='ltr'>Bibl.</span> <span class='ocrx_word' id='word_1_17' title='bbox 1034 620 1283 682; x_wconf 86' lang='lat' dir='ltr'>Paulina</span> <span class='ocrx_word' id='word_1_18' title='bbox 1312 621 1654 700; x_wconf 76' lang='lat' dir='ltr'>Lipsiensis,</span> <span class='ocrx_word' id='word_1_19' title='bbox 1697 629 1766 678; x_wconf 93' lang='lat' dir='ltr'>ut</span> <span class='ocrx_word' id='word_1_20' title='bbox 1789 638 1882 678; x_wconf 91' lang='lat' dir='ltr'>me</span> <span class='ocrx_word' id='word_1_21' title='bbox 1909 617 2137 678; x_wconf 86' lang='lat' dir='ltr'>monuit</span> <span class='ocrx_word' id='word_1_22' title='bbox 2175 618 2402 680; x_wconf 86' lang='lat' dir='ltr'>clariss.</span> <span class='ocrx_word' id='word_1_23' title='bbox 2420 619 2813 698; x_wconf 31' lang='lat' dir='ltr'>‘Schoetgeni-</span> 
     </span>
     <span class='ocr_line' id='line_1_4' title="bbox 627 712 2812 799; baseline -0.001 -22"><span class='ocrx_word' id='word_1_24' title='bbox 627 739 721 792; x_wconf 89' lang='lat' dir='ltr'>us,</span> <span class='ocrx_word' id='word_1_25' title='bbox 748 719 849 799; x_wconf 86' lang='lat' dir='ltr'>qui</span> <span class='ocrx_word' id='word_1_26' title='bbox 876 719 1051 778; x_wconf 86' lang='lat' dir='ltr'>etiam</span> <span class='ocrx_word' id='word_1_27' title='bbox 1088 718 1165 778; x_wconf 90' lang='lat' dir='ltr'>de</span> <span class='ocrx_word' id='word_1_28' title='bbox 1192 718 1406 797; x_wconf 85' lang='lat' dir='ltr'>Dictye</span> <span class='ocrx_word' id='word_1_29' title='bbox 1434 718 1614 794; x_wconf 83' lang='lat' dir='ltr'>Casp.</span> <span class='ocrx_word' id='word_1_30' title='bbox 1643 714 1864 775; x_wconf 86' lang='lat' dir='ltr'>Barthii</span> <span class='ocrx_word' id='word_1_31' title='bbox 1881 713 2168 793; x_wconf 88' lang='lat' dir='ltr'>judicium</span> <span class='ocrx_word' id='word_1_32' title='bbox 2186 712 2361 792; x_wconf 87' lang='lat' dir='ltr'>jubet</span> <span class='ocrx_word' id='word_1_33' title='bbox 2383 715 2698 776; x_wconf 89' lang='lat' dir='ltr'>consulere</span> <span class='ocrx_word' id='word_1_34' title='bbox 2727 714 2812 775; x_wconf 88' lang='lat' dir='ltr'>ad</span> 
     </span>
     <span class='ocr_line' id='line_1_5' title="bbox 632 807 2814 894; baseline -0.002 -20"><span class='ocrx_word' id='word_1_35' title='bbox 632 814 821 874; x_wconf 86' lang='lat' dir='ltr'>Gratii</span> <span class='ocrx_word' id='word_1_36' title='bbox 848 814 1271 894; x_wconf 75' lang='lat' dir='ltr'>cynegeticnm</span> <span class='ocrx_word' id='word_1_37' title='bbox 1302 832 1399 873; x_wconf 80' lang='lat' dir='ltr'>vs.</span> <span class='ocrx_word' id='word_1_38' title='bbox 1422 815 1521 872; x_wconf 84' lang='lat'>21.</span> <span class='ocrx_word' id='word_1_39' title='bbox 1565 809 1994 889; x_wconf 73' lang='lat' dir='ltr'>Antiquissima.</span> <span class='ocrx_word' id='word_1_40' title='bbox 2011 807 2200 868; x_wconf 88' lang='lat' dir='ltr'>editio</span> <span class='ocrx_word' id='word_1_41' title='bbox 2219 808 2428 870; x_wconf 88' lang='lat' dir='ltr'>horum</span> <span class='ocrx_word' id='word_1_42' title='bbox 2456 810 2814 890; x_wconf 86' lang='lat' dir='ltr'>scriptorum</span> 
     </span>
     <span class='ocr_line' id='line_1_6' title="bbox 633 903 2818 988; baseline -0.002 -20"><span class='ocrx_word' id='word_1_43' title='bbox 633 911 843 970; x_wconf 87' lang='lat' dir='ltr'>Latina</span> <span class='ocrx_word' id='word_1_44' title='bbox 898 909 1141 987; x_wconf 84' lang='lat' dir='ltr'>(Groeca</span> <span class='ocrx_word' id='word_1_45' title='bbox 1194 911 1348 968; x_wconf 86' lang='lat' dir='ltr'>enim</span> <span class='ocrx_word' id='word_1_46' title='bbox 1401 907 1628 988; x_wconf 83' lang='lat' dir='ltr'>pridem</span> <span class='ocrx_word' id='word_1_47' title='bbox 1685 907 1932 987; x_wconf 90' lang='lat' dir='ltr'>periere)</span> <span class='ocrx_word' id='word_1_48' title='bbox 1981 912 2074 964; x_wconf 94' lang='lat' dir='ltr'>est</span> <span class='ocrx_word' id='word_1_49' title='bbox 2123 903 2592 965; x_wconf 86' lang='lat' dir='ltr'>Mediolanensis</span> <span class='ocrx_word' id='word_1_50' title='bbox 2651 925 2818 964; x_wconf 87' lang='lat' dir='ltr'>anno</span> 
     </span>
     <span class='ocr_line' id='line_1_7' title="bbox 639 1001 2820 1088; baseline -0.003 -22"><span class='ocrx_word' id='word_1_51' title='bbox 639 1008 815 1065; x_wconf 94' lang='grc'><strong>1477.</strong></span> <span class='ocrx_word' id='word_1_52' title='bbox 913 1006 1061 1066; x_wconf 85' lang='lat' dir='ltr'>Inde</span> <span class='ocrx_word' id='word_1_53' title='bbox 1104 1003 1622 1066; x_wconf 87' lang='lat' dir='ltr'>commemoranda</span> <span class='ocrx_word' id='word_1_54' title='bbox 1665 1002 1827 1088; x_wconf 82' lang='lat' dir='ltr'>venit</span> <span class='ocrx_word' id='word_1_55' title='bbox 1868 1001 2100 1060; x_wconf 85' lang='lat' dir='ltr'>Veneta</span> <span class='ocrx_word' id='word_1_56' title='bbox 2141 1001 2443 1062; x_wconf 86' lang='lat' dir='ltr'>Francisci</span> <span class='ocrx_word' id='word_1_57' title='bbox 2491 1001 2820 1081; x_wconf 83' lang='lat' dir='ltr'>Faragonii</span> 
     </span>
     <span class='ocr_line' id='line_1_8' title="bbox 636 1096 2816 1178; baseline -0.005 -14"><span class='ocrx_word' id='word_1_58' title='bbox 636 1122 794 1164; x_wconf 86' lang='lat' dir='ltr'>anno</span> <span class='ocrx_word' id='word_1_59' title='bbox 826 1105 1009 1168; x_wconf 70' lang='lat'><strong>1499.</strong></span> <span class='ocrx_word' id='word_1_60' title='bbox 1086 1101 1367 1162; x_wconf 89' lang='lat' dir='ltr'>Prodiere</span> <span class='ocrx_word' id='word_1_61' title='bbox 1390 1101 1568 1160; x_wconf 87' lang='lat' dir='ltr'>etiam</span> <span class='ocrx_word' id='word_1_62' title='bbox 1592 1099 1930 1178; x_wconf 80' lang='lat' dir='ltr'>Vitebergoe</span> <span class='ocrx_word' id='word_1_63' title='bbox 1960 1098 2136 1158; x_wconf 83' lang='lat'><strong>1512.</strong></span> <span class='ocrx_word' id='word_1_64' title='bbox 2157 1096 2316 1176; x_wconf 85' lang='lat' dir='ltr'>apud</span> <span class='ocrx_word' id='word_1_65' title='bbox 2341 1098 2441 1157; x_wconf 87' lang='lat' dir='ltr'>Jo.</span> <span class='ocrx_word' id='word_1_66' title='bbox 2469 1097 2816 1158; x_wconf 86' lang='lat' dir='ltr'>Gruneber-</span> 
     </span>
     <span class='ocr_line' id='line_1_9' title="bbox 634 1193 2824 1280; baseline -0.004 -19"><span class='ocrx_word' id='word_1_67' title='bbox 634 1201 793 1280; x_wconf 81' lang='lat' dir='ltr'>gium</span> <span class='ocrx_word' id='word_1_68' title='bbox 816 1200 937 1260; x_wconf 81' lang='lat' dir='ltr'>sive</span> <span class='ocrx_word' id='word_1_69' title='bbox 959 1197 1519 1270; x_wconf 84' lang='lat' dir='ltr'>Viridimontanum,</span> <span class='ocrx_word' id='word_1_70' title='bbox 1540 1195 1703 1275; x_wconf 86' lang='lat' dir='ltr'>apud</span> <span class='ocrx_word' id='word_1_71' title='bbox 1725 1193 2225 1273; x_wconf 73' lang='lat' dir='ltr'>Augustinianos3</span> <span class='ocrx_word' id='word_1_72' title='bbox 2268 1203 2329 1254; x_wconf 91' lang='lat' dir='ltr'>et</span> <span class='ocrx_word' id='word_1_73' title='bbox 2347 1212 2482 1254; x_wconf 88' lang='lat' dir='ltr'>cum</span> <span class='ocrx_word' id='word_1_74' title='bbox 2503 1193 2691 1254; x_wconf 83' lang='lat' dir='ltr'>tribus</span> <span class='ocrx_word' id='word_1_75' title='bbox 2717 1193 2824 1252; x_wconf 81' lang='lat' dir='ltr'>Li-</span> 
     </span>
     <span class='ocr_line' id='line_1_10' title="bbox 634 1289 2818 1369; baseline -0.004 -12"><span class='ocrx_word' id='word_1_76' title='bbox 634 1297 795 1364; x_wconf 78' lang='lat' dir='ltr'>banii</span> <span class='ocrx_word' id='word_1_77' title='bbox 841 1293 1373 1355; x_wconf 77' lang='lat' dir='ltr'>declamationibus</span> <span class='ocrx_word' id='word_1_78' title='bbox 1418 1291 1741 1354; x_wconf 88' lang='lat' dir='ltr'>consimilis</span> <span class='ocrx_word' id='word_1_79' title='bbox 1785 1291 2138 1368; x_wconf 84' lang='lat' dir='ltr'>argumenti,</span> <span class='ocrx_word' id='word_1_80' title='bbox 2188 1289 2462 1369; x_wconf 86' lang='lat' dir='ltr'>Lugdun.</span> <span class='ocrx_word' id='word_1_81' title='bbox 2509 1309 2610 1369; x_wconf 88' lang='lat' dir='ltr'>ap.</span> <span class='ocrx_word' id='word_1_82' title='bbox 2657 1290 2818 1368; x_wconf 83' lang='lat' dir='ltr'>Gry-</span> 
     </span>
     <span class='ocr_line' id='line_1_11' title="bbox 635 1384 2826 1473; baseline -0.004 -21"><span class='ocrx_word' id='word_1_83' title='bbox 635 1393 840 1473; x_wconf 88' lang='lat' dir='ltr'>phium</span> <span class='ocrx_word' id='word_1_84' title='bbox 888 1393 1067 1451; x_wconf 80' lang='lat'><strong>1552.</strong></span> <span class='ocrx_word' id='word_1_85' title='bbox 1118 1392 1314 1451; x_wconf 80' lang='lat' dir='ltr'>l2mo.</span> <span class='ocrx_word' id='word_1_86' title='bbox 1365 1389 1664 1449; x_wconf 81' lang='lat' dir='ltr'>Proetereo</span> <span class='ocrx_word' id='word_1_87' title='bbox 1694 1387 2010 1448; x_wconf 84' lang='lat' dir='ltr'>editionem</span> <span class='ocrx_word' id='word_1_88' title='bbox 2051 1385 2289 1446; x_wconf 86' lang='lat' dir='ltr'>Daretis</span> <span class='ocrx_word' id='word_1_89' title='bbox 2317 1384 2672 1465; x_wconf 85' lang='lat' dir='ltr'>Dictyisque</span> <span class='ocrx_word' id='word_1_90' title='bbox 2701 1385 2826 1445; x_wconf 85' lang='lat' dir='ltr'>Pa·</span> 
     </span>
     <span class='ocr_line' id='line_1_12' title="bbox 639 1482 2820 1565; baseline -0.004 -17"><span class='ocrx_word' id='word_1_91' title='bbox 639 1490 945 1548; x_wconf 88' lang='lat' dir='ltr'>risiensem</span> <span class='ocrx_word' id='word_1_92' title='bbox 974 1505 1031 1547; x_wconf 87' lang='lat' dir='ltr'>a.</span> <span class='ocrx_word' id='word_1_93' title='bbox 1065 1487 1239 1545; x_wconf 89' lang='grc'><strong>1560.</strong></span> <span class='ocrx_word' id='word_1_94' title='bbox 1271 1489 1327 1545; x_wconf 90' lang='lat'>8.</span> <span class='ocrx_word' id='word_1_95' title='bbox 1376 1494 1435 1545; x_wconf 87' lang='lat' dir='ltr'>et</span> <span class='ocrx_word' id='word_1_96' title='bbox 1463 1484 1922 1565; x_wconf 86' lang='lat' dir='ltr'>Lugdunensem</span> <span class='ocrx_word' id='word_1_97' title='bbox 1967 1500 2124 1540; x_wconf 87' lang='lat' dir='ltr'>anno</span> <span class='ocrx_word' id='word_1_98' title='bbox 2172 1483 2348 1542; x_wconf 87' lang='grc'><strong>1569.</strong></span> <span class='ocrx_word' id='word_1_99' title='bbox 2394 1493 2450 1543; x_wconf 89' lang='grc'>8.</span> <span class='ocrx_word' id='word_1_100' title='bbox 2475 1501 2588 1542; x_wconf 89' lang='lat' dir='ltr'>nec</span> <span class='ocrx_word' id='word_1_101' title='bbox 2619 1482 2820 1541; x_wconf 84' lang='lat' dir='ltr'>minus</span> 
     </span>
     <span class='ocr_line' id='line_1_13' title="bbox 642 1577 2819 1648; baseline -0.004 -3"><span class='ocrx_word' id='word_1_102' title='bbox 642 1584 969 1644; x_wconf 80' lang='lat' dir='ltr'>versionem</span> <span class='ocrx_word' id='word_1_103' title='bbox 1001 1581 1295 1642; x_wconf 79' lang='lat' dir='ltr'>Gallicam</span> <span class='ocrx_word' id='word_1_104' title='bbox 1322 1580 1678 1648; x_wconf 69' lang='lat' dir='ltr'>Joannisde</span> <span class='ocrx_word' id='word_1_105' title='bbox 1714 1579 1776 1638; x_wconf 87' lang='lat' dir='ltr'>la</span> <span class='ocrx_word' id='word_1_106' title='bbox 1804 1577 2007 1638; x_wconf 83' lang='lat' dir='ltr'>Laude</span> <span class='ocrx_word' id='word_1_107' title='bbox 2034 1577 2228 1637; x_wconf 72' lang='lat' dir='ltr'>Paris..</span> <span class='ocrx_word' id='word_1_108' title='bbox 2252 1579 2428 1638; x_wconf 87' lang='grc'><strong>1556.</strong></span> <span class='ocrx_word' id='word_1_109' title='bbox 2458 1581 2516 1636; x_wconf 91' lang='grc'>8.</span> <span class='ocrx_word' id='word_1_110' title='bbox 2561 1587 2621 1637; x_wconf 89' lang='lat' dir='ltr'>et</span> <span class='ocrx_word' id='word_1_111' title='bbox 2653 1579 2819 1638; x_wconf 85' lang='lat' dir='ltr'>Itali-</span> 
     </span>
     <span class='ocr_line' id='line_1_14' title="bbox 643 1673 2822 1740; baseline -0.003 0"><span class='ocrx_word' id='word_1_112' title='bbox 643 1699 776 1740; x_wconf 90' lang='lat' dir='ltr'>cam</span> <span class='ocrx_word' id='word_1_113' title='bbox 800 1678 952 1739; x_wconf 92' lang='lat' dir='ltr'>Tho.</span> <span class='ocrx_word' id='word_1_114' title='bbox 982 1675 1391 1737; x_wconf 88' lang='lat' dir='ltr'>Porcacchino</span> <span class='ocrx_word' id='word_1_115' title='bbox 1437 1686 1678 1736; x_wconf 87' lang='lat' dir='ltr'>auctore</span> <span class='ocrx_word' id='word_1_116' title='bbox 1705 1693 1985 1736; x_wconf 82' lang='lat' dir='ltr'>excusam</span> <span class='ocrx_word' id='word_1_117' title='bbox 2011 1673 2223 1734; x_wconf 87' lang='lat' dir='ltr'>Venet.</span> <span class='ocrx_word' id='word_1_118' title='bbox 2262 1675 2440 1734; x_wconf 88' lang='lat'>1543.</span> <span class='ocrx_word' id='word_1_119' title='bbox 2479 1676 2538 1734; x_wconf 91' lang='grc'>8.</span> <span class='ocrx_word' id='word_1_120' title='bbox 2581 1673 2822 1734; x_wconf 77' lang='lat' dir='ltr'>Gallice</span> 
     </span>
     <span class='ocr_line' id='line_1_15' title="bbox 643 1768 2836 1852; baseline -0.001 -18"><span class='ocrx_word' id='word_1_121' title='bbox 643 1795 719 1835; x_wconf 85' lang='lat' dir='ltr'>ex</span> <span class='ocrx_word' id='word_1_122' title='bbox 743 1773 1010 1838; x_wconf 81' lang='lat' dir='ltr'>versione</span> <span class='ocrx_word' id='word_1_123' title='bbox 1030 1773 1231 1832; x_wconf 85' lang='lat' dir='ltr'>Caroli</span> <span class='ocrx_word' id='word_1_124' title='bbox 1259 1771 1604 1852; x_wconf 86' lang='lat' dir='ltr'>Bourguille</span> <span class='ocrx_word' id='word_1_125' title='bbox 1630 1769 1850 1849; x_wconf 90' lang='lat' dir='ltr'>prodiit</span> <span class='ocrx_word' id='word_1_126' title='bbox 1877 1770 2067 1830; x_wconf 86' lang='lat' dir='ltr'>Dares</span> <span class='ocrx_word' id='word_1_127' title='bbox 2096 1768 2347 1830; x_wconf 85' lang='lat' dir='ltr'>Cadomi</span> <span class='ocrx_word' id='word_1_128' title='bbox 2378 1772 2553 1830; x_wconf 88' lang='grc'><strong>1573.</strong></span> <span class='ocrx_word' id='word_1_129' title='bbox 2597 1770 2836 1851; x_wconf 72' lang='lat' dir='ltr'>Dictyn</span> 
     </span>
     <span class='ocr_line' id='line_1_16' title="bbox 646 1865 2826 1940; baseline -0.002 -10"><span class='ocrx_word' id='word_1_130' title='bbox 646 1871 885 1930; x_wconf 85' lang='lat' dir='ltr'>Gallica</span> <span class='ocrx_word' id='word_1_131' title='bbox 910 1879 1074 1930; x_wconf 80' lang='lat' dir='ltr'>veste</span> <span class='ocrx_word' id='word_1_132' title='bbox 1124 1869 1345 1930; x_wconf 87' lang='lat' dir='ltr'>donare</span> <span class='ocrx_word' id='word_1_133' title='bbox 1390 1867 1633 1928; x_wconf 88' lang='lat' dir='ltr'>molitus</span> <span class='ocrx_word' id='word_1_134' title='bbox 1661 1865 2044 1940; x_wconf 84' lang='lat' dir='ltr'>Burdelinus.</span> <span class='ocrx_word' id='word_1_135' title='bbox 2124 1865 2279 1928; x_wconf 88' lang='lat' dir='ltr'>Vide</span> <span class='ocrx_word' id='word_1_136' title='bbox 2305 1865 2572 1927; x_wconf 86' lang='lat' dir='ltr'>Diarium</span> <span class='ocrx_word' id='word_1_137' title='bbox 2603 1867 2826 1926; x_wconf 85' lang='lat' dir='ltr'>Londi-</span> 
     </span>
     <span class='ocr_line' id='line_1_17' title="bbox 646 1961 2826 2045; baseline -0.001 -19"><span class='ocrx_word' id='word_1_138' title='bbox 646 1986 851 2040; x_wconf 88' lang='lat' dir='ltr'>nense,</span> <span class='ocrx_word' id='word_1_139' title='bbox 876 1965 1007 2026; x_wconf 84' lang='lat' dir='ltr'>The</span> <span class='ocrx_word' id='word_1_140' title='bbox 1031 1966 1277 2045; x_wconf 80' lang='lat' dir='ltr'>History</span> <span class='ocrx_word' id='word_1_141' title='bbox 1304 1965 1373 2025; x_wconf 82' lang='lat' dir='ltr'>of</span> <span class='ocrx_word' id='word_1_142' title='bbox 1414 1964 1514 2024; x_wconf 91' lang='lat' dir='ltr'>the</span> <span class='ocrx_word' id='word_1_143' title='bbox 1543 1964 1763 2022; x_wconf 90' lang='lat' dir='ltr'>Works</span> <span class='ocrx_word' id='word_1_144' title='bbox 1791 1963 1860 2022; x_wconf 83' lang='lat' dir='ltr'>of</span> <span class='ocrx_word' id='word_1_145' title='bbox 1881 1961 1979 2022; x_wconf 87' lang='lat' dir='ltr'>the</span> <span class='ocrx_word' id='word_1_146' title='bbox 2007 1961 2248 2022; x_wconf 85' lang='lat' dir='ltr'>learned</span> <span class='ocrx_word' id='word_1_147' title='bbox 2276 1981 2332 2022; x_wconf 92' lang='lat' dir='ltr'>a.</span> <span class='ocrx_word' id='word_1_148' title='bbox 2367 1963 2544 2024; x_wconf 81' lang='lat'><strong>1703.</strong></span> <span class='ocrx_word' id='word_1_149' title='bbox 2585 1984 2649 2042; x_wconf 91' lang='lat' dir='ltr'>p.</span> <span class='ocrx_word' id='word_1_150' title='bbox 2679 1963 2826 2023; x_wconf 86' lang='grc'><strong>222.</strong></span> 
     </span>
     <span class='ocr_line' id='line_1_18' title="bbox 648 2057 2828 2140; baseline -0.001 -18"><span class='ocrx_word' id='word_1_151' title='bbox 648 2063 838 2122; x_wconf 88' lang='lat' dir='ltr'>Dares</span> <span class='ocrx_word' id='word_1_152' title='bbox 868 2061 1217 2122; x_wconf 85' lang='lat' dir='ltr'>Germanice</span> <span class='ocrx_word' id='word_1_153' title='bbox 1238 2081 1321 2140; x_wconf 44' lang='lat' dir='ltr'>,ex</span> <span class='ocrx_word' id='word_1_154' title='bbox 1348 2058 1826 2139; x_wconf 77' lang='lat' dir='ltr'>interpretatione</span> <span class='ocrx_word' id='word_1_155' title='bbox 1855 2057 2046 2117; x_wconf 85' lang='lat' dir='ltr'>Marci</span> <span class='ocrx_word' id='word_1_156' title='bbox 2074 2057 2246 2130; x_wconf 87' lang='lat' dir='ltr'>Tatii,</span> <span class='ocrx_word' id='word_1_157' title='bbox 2275 2060 2564 2138; x_wconf 78' lang='lat' dir='ltr'>Augustae</span> <span class='ocrx_word' id='word_1_158' title='bbox 2587 2059 2828 2120; x_wconf 75' lang='lat' dir='ltr'>Vindel-</span> 
     </span>
     <span class='ocr_line' id='line_1_19' title="bbox 655 2152 2833 2235; baseline -0.001 -19"><span class='ocrx_word' id='word_1_159' title='bbox 655 2160 832 2219; x_wconf 76' lang='lat'><strong>1536.</strong></span> <span class='ocrx_word' id='word_1_160' title='bbox 861 2157 965 2216; x_wconf 85' lang='lat' dir='ltr'>fol.</span> <span class='ocrx_word' id='word_1_161' title='bbox 994 2177 1129 2216; x_wconf 87' lang='lat' dir='ltr'>cum</span> <span class='ocrx_word' id='word_1_162' title='bbox 1152 2156 1443 2217; x_wconf 90' lang='lat' dir='ltr'>iconibus.</span> <span class='ocrx_word' id='word_1_163' title='bbox 1526 2155 1859 2214; x_wconf 87' lang='lat' dir='ltr'>Novissime</span> <span class='ocrx_word' id='word_1_164' title='bbox 1887 2153 2128 2212; x_wconf 87' lang='lat' dir='ltr'>Parisiis</span> <span class='ocrx_word' id='word_1_165' title='bbox 2173 2152 2322 2213; x_wconf 82' lang='lat' dir='ltr'>vidit</span> <span class='ocrx_word' id='word_1_166' title='bbox 2359 2153 2553 2214; x_wconf 87' lang='lat' dir='ltr'>lucem</span> <span class='ocrx_word' id='word_1_167' title='bbox 2583 2155 2833 2235; x_wconf 81' lang='lat' dir='ltr'>Mytho-</span> 
     </span>
     <span class='ocr_line' id='line_1_20' title="bbox 648 2249 2832 2332; baseline -0.002 -19"><span class='ocrx_word' id='word_1_168' title='bbox 648 2253 815 2332; x_wconf 70' lang='lat' dir='ltr'>logia</span> <span class='ocrx_word' id='word_1_169' title='bbox 836 2253 958 2312; x_wconf 78' lang='lat' dir='ltr'>sive</span> <span class='ocrx_word' id='word_1_170' title='bbox 987 2253 1253 2312; x_wconf 76' lang='lat' dir='ltr'>Historia</span> <span class='ocrx_word' id='word_1_171' title='bbox 1278 2253 1540 2312; x_wconf 89' lang='lat' dir='ltr'>Deorum</span> <span class='ocrx_word' id='word_1_172' title='bbox 1557 2251 1588 2288; x_wconf 75' lang='lat'>4</span> <span class='ocrx_word' id='word_1_173' title='bbox 1633 2271 1768 2310; x_wconf 91' lang='lat' dir='ltr'>curn</span> <span class='ocrx_word' id='word_1_174' title='bbox 1795 2250 2066 2310; x_wconf 78' lang='lat' dir='ltr'>versione</span> <span class='ocrx_word' id='word_1_175' title='bbox 2095 2249 2331 2310; x_wconf 85' lang='lat' dir='ltr'>Gallica</span> <span class='ocrx_word' id='word_1_176' title='bbox 2360 2250 2598 2310; x_wconf 83' lang='lat' dir='ltr'>Daretis</span> <span class='ocrx_word' id='word_1_177' title='bbox 2641 2270 2680 2310; x_wconf 89' lang='lat' dir='ltr'>a</span> <span class='ocrx_word' id='word_1_178' title='bbox 2709 2250 2832 2309; x_wconf 88' lang='lat' dir='ltr'>Pu-</span> 
     </span>
     <span class='ocr_line' id='line_1_21' title="bbox 652 2345 2840 2427; baseline -0.001 -20"><span class='ocrx_word' id='word_1_179' title='bbox 652 2358 829 2408; x_wconf 85' lang='lat' dir='ltr'>teano</span> <span class='ocrx_word' id='word_1_180' title='bbox 888 2353 1020 2427; x_wconf 88' lang='lat' dir='ltr'>(par</span> <span class='ocrx_word' id='word_1_181' title='bbox 1048 2347 1136 2409; x_wconf 90' lang='lat' dir='ltr'>M.</span> <span class='ocrx_word' id='word_1_182' title='bbox 1168 2347 1413 2427; x_wconf 82' lang='lat' dir='ltr'>Dupuy)</span> <span class='ocrx_word' id='word_1_183' title='bbox 1462 2347 1654 2406; x_wconf 86' lang='lat' dir='ltr'>Paris.</span> <span class='ocrx_word' id='word_1_184' title='bbox 1687 2348 1862 2406; x_wconf 70' lang='lat'><strong>1731.</strong></span> <span class='ocrx_word' id='word_1_185' title='bbox 1901 2348 1994 2406; x_wconf 84' lang='lat'>12.</span> <span class='ocrx_word' id='word_1_186' title='bbox 2048 2345 2260 2425; x_wconf 84' lang='lat' dir='ltr'>Dictys</span> <span class='ocrx_word' id='word_1_187' title='bbox 2301 2346 2840 2407; x_wconf 53' lang='lat' dir='ltr'>Germanice-weff-</span> 
     </span>
     <span class='ocr_line' id='line_1_22' title="bbox 654 2441 2836 2522; baseline -0 -19"><span class='ocrx_word' id='word_1_188' title='bbox 654 2444 809 2505; x_wconf 88' lang='lat' dir='ltr'>ditus</span> <span class='ocrx_word' id='word_1_189' title='bbox 840 2463 877 2503; x_wconf 88' lang='lat' dir='ltr'>a</span> <span class='ocrx_word' id='word_1_190' title='bbox 900 2443 1132 2503; x_wconf 89' lang='lat' dir='ltr'>Joanne</span> <span class='ocrx_word' id='word_1_191' title='bbox 1158 2443 1446 2505; x_wconf 88' lang='lat' dir='ltr'>Heroldo.</span> <span class='ocrx_word' id='word_1_192' title='bbox 1477 2442 1867 2504; x_wconf 34' lang='lat' dir='ltr'>Basil.‡1554*.</span> <span class='ocrx_word' id='word_1_193' title='bbox 1894 2441 2000 2503; x_wconf 82' lang='lat' dir='ltr'>fol.</span> <span class='ocrx_word' id='word_1_194' title='bbox 2031 2441 2223 2503; x_wconf 87' lang='lat' dir='ltr'>Etiam</span> <span class='ocrx_word' id='word_1_195' title='bbox 2252 2441 2504 2503; x_wconf 85' lang='lat' dir='ltr'>Russice</span> <span class='ocrx_word' id='word_1_196' title='bbox 2529 2441 2741 2522; x_wconf 74' lang='lat' dir='ltr'>Dictys</span> <span class='ocrx_word' id='word_1_197' title='bbox 2769 2451 2836 2503; x_wconf 89' lang='lat' dir='ltr'>et</span> 
     </span>
     <span class='ocr_line' id='line_1_23' title="bbox 655 2536 2832 2601; baseline -0.001 0"><span class='ocrx_word' id='word_1_198' title='bbox 655 2543 845 2601; x_wconf 85' lang='lat' dir='ltr'>Dares</span> <span class='ocrx_word' id='word_1_199' title='bbox 892 2560 1149 2600; x_wconf 81' lang='lat' dir='ltr'>excusus</span> <span class='ocrx_word' id='word_1_200' title='bbox 1192 2542 1463 2601; x_wconf 82' lang='lat' dir='ltr'>Moscuae</span> <span class='ocrx_word' id='word_1_201' title='bbox 1522 2559 1579 2600; x_wconf 87' lang='lat' dir='ltr'>a.</span> <span class='ocrx_word' id='word_1_202' title='bbox 1634 2541 1811 2599; x_wconf 83' lang='lat'><strong>1712.</strong></span> <span class='ocrx_word' id='word_1_203' title='bbox 1865 2542 1924 2599; x_wconf 90' lang='grc'><strong>8.</strong></span> <span class='ocrx_word' id='word_1_204' title='bbox 1995 2536 2149 2597; x_wconf 85' lang='lat' dir='ltr'>Vide</span> <span class='ocrx_word' id='word_1_205' title='bbox 2202 2536 2358 2597; x_wconf 83' lang='lat' dir='ltr'>Acta</span> <span class='ocrx_word' id='word_1_206' title='bbox 2407 2538 2588 2597; x_wconf 77' lang='lat' dir='ltr'>Erud.</span> <span class='ocrx_word' id='word_1_207' title='bbox 2643 2540 2832 2598; x_wconf 81' lang='grc'><strong>1714.</strong></span> 
     </span>
     <span class='ocr_line' id='line_1_24' title="bbox 653 2632 2840 2716; baseline -0.002 -18"><span class='ocrx_word' id='word_1_208' title='bbox 653 2658 715 2716; x_wconf 80' lang='lat' dir='ltr'>p.</span> <span class='ocrx_word' id='word_1_209' title='bbox 744 2636 887 2697; x_wconf 78' lang='lat'><strong>488.</strong></span> <span class='ocrx_word' id='word_1_210' title='bbox 931 2636 1160 2696; x_wconf 84' lang='lat' dir='ltr'>Prodiit</span> <span class='ocrx_word' id='word_1_211' title='bbox 1211 2636 1389 2696; x_wconf 87' lang='lat' dir='ltr'>etiam</span> <span class='ocrx_word' id='word_1_212' title='bbox 1434 2636 1626 2697; x_wconf 84' lang='lat' dir='ltr'>Dares</span> <span class='ocrx_word' id='word_1_213' title='bbox 1675 2652 1811 2694; x_wconf 88' lang='lat' dir='ltr'>curn</span> <span class='ocrx_word' id='word_1_214' title='bbox 1856 2634 2118 2693; x_wconf 86' lang='lat' dir='ltr'>Homero</span> <span class='ocrx_word' id='word_1_215' title='bbox 2173 2632 2501 2712; x_wconf 88' lang='lat' dir='ltr'>Spondani,</span> <span class='ocrx_word' id='word_1_216' title='bbox 2549 2634 2840 2712; x_wconf 84' lang='lat' dir='ltr'>adjuncta</span> 
     </span>
     <span class='ocr_line' id='line_1_25' title="bbox 658 2728 2841 2809; baseline -0.001 -17"><span class='ocrx_word' id='word_1_217' title='bbox 658 2732 1203 2793; x_wconf 48' lang='lat' dir='ltr'>Pseudo-Pindos?</span> <span class='ocrx_word' id='word_1_218' title='bbox 1224 2731 1491 2791; x_wconf 87' lang='lat' dir='ltr'>Thebani</span> <span class='ocrx_word' id='word_1_219' title='bbox 1534 2730 1810 2809; x_wconf 86' lang='lat' dir='ltr'>Epitoma</span> <span class='ocrx_word' id='word_1_220' title='bbox 1853 2729 2092 2803; x_wconf 86' lang='lat' dir='ltr'>Iliados,</span> <span class='ocrx_word' id='word_1_221' title='bbox 2130 2728 2338 2788; x_wconf 83' lang='lat' dir='ltr'>Latino</span> <span class='ocrx_word' id='word_1_222' title='bbox 2365 2729 2624 2789; x_wconf 81' lang='lat' dir='ltr'>carmine</span> <span class='ocrx_word' id='word_1_223' title='bbox 2653 2730 2841 2790; x_wconf 71' lang='lat' dir='ltr'>hexa-</span> 
     </span>
     <span class='ocr_line' id='line_1_26' title="bbox 656 2824 2843 2905; baseline -0.002 -16"><span class='ocrx_word' id='word_1_224' title='bbox 656 2838 845 2889; x_wconf 86' lang='lat' dir='ltr'>metro</span> <span class='ocrx_word' id='word_1_225' title='bbox 872 2828 1113 2905; x_wconf 85' lang='lat' dir='ltr'>scripta,</span> <span class='ocrx_word' id='word_1_226' title='bbox 1142 2827 1325 2886; x_wconf 88' lang='lat' dir='ltr'>Basil.</span> <span class='ocrx_word' id='word_1_227' title='bbox 1360 2829 1536 2886; x_wconf 64' lang='lat'><strong>1583.</strong></span> <span class='ocrx_word' id='word_1_228' title='bbox 1577 2824 1682 2885; x_wconf 83' lang='lat' dir='ltr'>fol.</span> <span class='ocrx_word' id='word_1_229' title='bbox 1769 2824 1969 2883; x_wconf 85' lang='lat' dir='ltr'>Dares·</span> <span class='ocrx_word' id='word_1_230' title='bbox 2000 2824 2141 2883; x_wconf 90' lang='lat' dir='ltr'>item</span> <span class='ocrx_word' id='word_1_231' title='bbox 2184 2824 2843 2904; x_wconf 78' lang='lat' dir='ltr'>Dictysque-subjeotus</span> 
     </span>
     <span class='ocr_line' id='line_1_27' title="bbox 668 2912 2842 3000; baseline -0.001 -17"><span class='ocrx_word' id='word_1_232' title='bbox 668 2923 935 2985; x_wconf 90' lang='lat' dir='ltr'>Diodoro</span> <span class='ocrx_word' id='word_1_233' title='bbox 964 2922 1165 2983; x_wconf 87' lang='lat' dir='ltr'>Siculo</span> <span class='ocrx_word' id='word_1_234' title='bbox 1192 2940 1267 2980; x_wconf 85' lang='lat' dir='ltr'>ex</span> <span class='ocrx_word' id='word_1_235' title='bbox 1296 2921 1507 3000; x_wconf 87' lang='lat' dir='ltr'>Poggii</span> <span class='ocrx_word' id='word_1_236' title='bbox 1558 2920 1827 2980; x_wconf 86' lang='lat' dir='ltr'>versione</span> <span class='ocrx_word' id='word_1_237' title='bbox 1875 2919 2036 2978; x_wconf 88' lang='lat' dir='ltr'>edito</span> <span class='ocrx_word' id='word_1_238' title='bbox 2065 2918 2271 2979; x_wconf 87' lang='lat' dir='ltr'>Latine</span> <span class='ocrx_word' id='word_1_239' title='bbox 2329 2918 2474 2979; x_wconf 88' lang='lat' dir='ltr'>ibid.</span> <span class='ocrx_word' id='word_1_240' title='bbox 2508 2912 2688 2980; x_wconf 87' lang='lat'><strong>1578.</strong></span> <span class='ocrx_word' id='word_1_241' title='bbox 2735 2921 2842 2982; x_wconf 81' lang='lat' dir='ltr'>fol.</span> 
     </span>
     <span class='ocr_line' id='line_1_28' title="bbox 664 3014 2844 3097; baseline -0 -20"><span class='ocrx_word' id='word_1_242' title='bbox 664 3018 762 3077; x_wconf 81' lang='lat' dir='ltr'>‘Ab</span> <span class='ocrx_word' id='word_1_243' title='bbox 793 3036 865 3076; x_wconf 92' lang='lat' dir='ltr'>eo</span> <span class='ocrx_word' id='word_1_244' title='bbox 896 3028 1160 3095; x_wconf 89' lang='lat' dir='ltr'>tempore</span> <span class='ocrx_word' id='word_1_245' title='bbox 1189 3015 1389 3075; x_wconf 81' lang='lat' dir='ltr'>Josias</span> <span class='ocrx_word' id='word_1_246' title='bbox 1418 3017 1742 3087; x_wconf 87' lang='lat' dir='ltr'>Mercerus‚</span> <span class='ocrx_word' id='word_1_247' title='bbox 1786 3015 2211 3094; x_wconf 83' lang='lat' dir='ltr'>elegantissimi</span> <span class='ocrx_word' id='word_1_248' title='bbox 2253 3014 2338 3074; x_wconf 86' lang='lat' dir='ltr'>vir</span> <span class='ocrx_word' id='word_1_249' title='bbox 2365 3016 2606 3097; x_wconf 85' lang='lat' dir='ltr'>ingenii,</span> <span class='ocrx_word' id='word_1_250' title='bbox 2652 3025 2715 3077; x_wconf 92' lang='lat' dir='ltr'>et</span> <span class='ocrx_word' id='word_1_251' title='bbox 2742 3037 2844 3077; x_wconf 86' lang='lat' dir='ltr'>ex-</span> 
     </span>
     <span class='ocr_line' id='line_1_29' title="bbox 664 3094 2846 3191; baseline 0.001 -22"><span class='ocrx_word' id='word_1_252' title='bbox 664 3111 893 3191; x_wconf 83' lang='lat' dir='ltr'>quisitae</span> <span class='ocrx_word' id='word_1_253' title='bbox 922 3110 1229 3181; x_wconf 81' lang='lat' dir='ltr'>doctrinae,</span> <span class='ocrx_word' id='word_1_254' title='bbox 1260 3111 1482 3171; x_wconf 85' lang='lat' dir='ltr'>Darete</span> <span class='ocrx_word' id='word_1_255' title='bbox 1510 3130 1645 3169; x_wconf 90' lang='lat' dir='ltr'>cum</span> <span class='ocrx_word' id='word_1_256' title='bbox 1678 3112 1893 3190; x_wconf 85' lang='lat' dir='ltr'>Dictye</span> <span class='ocrx_word' id='word_1_257' title='bbox 1921 3109 2000 3170; x_wconf 88' lang='lat' dir='ltr'>ad</span> <span class='ocrx_word' id='word_1_258' title='bbox 2029 3094 2197 3171; x_wconf 76' lang='lat' dir='ltr'>binos</span> <span class='ocrx_word' id='word_1_259' title='bbox 2225 3111 2372 3170; x_wconf 76' lang='lat' dir='ltr'>Mas.</span> <span class='ocrx_word' id='word_1_260' title='bbox 2410 3111 2652 3171; x_wconf 87' lang='lat' dir='ltr'>codices</span> <span class='ocrx_word' id='word_1_261' title='bbox 2681 3113 2846 3172; x_wconf 88' lang='lat' dir='ltr'>Petri</span> 
     </span>
     <span class='ocr_line' id='line_1_30' title="bbox 667 3206 2844 3287; baseline 0 -21"><span class='ocrx_word' id='word_1_262' title='bbox 667 3206 931 3267; x_wconf 86' lang='lat' dir='ltr'>Danielis</span> <span class='ocrx_word' id='word_1_263' title='bbox 959 3216 1020 3266; x_wconf 89' lang='lat' dir='ltr'>et</span> <span class='ocrx_word' id='word_1_264' title='bbox 1048 3206 1217 3265; x_wconf 86' lang='lat' dir='ltr'>Pauli</span> <span class='ocrx_word' id='word_1_265' title='bbox 1235 3206 1459 3266; x_wconf 84' lang='lat' dir='ltr'>Petavii</span> <span class='ocrx_word' id='word_1_266' title='bbox 1489 3207 1802 3285; x_wconf 78' lang='lat' dir='ltr'>castigato,&#39;</span> <span class='ocrx_word' id='word_1_267' title='bbox 1829 3207 2106 3287; x_wconf 90' lang='lat' dir='ltr'>notisque</span> <span class='ocrx_word' id='word_1_268' title='bbox 2133 3206 2447 3279; x_wconf 87' lang='lat' dir='ltr'>illustrato,</span> <span class='ocrx_word' id='word_1_269' title='bbox 2470 3207 2844 3270; x_wconf 86' lang='lat' dir='ltr'>emendatius</span> 
     </span>
     <span class='ocr_line' id='line_1_31' title="bbox 665 3298 2846 3366; baseline 0.001 -5"><span class='ocrx_word' id='word_1_270' title='bbox 665 3303 727 3361; x_wconf 84' lang='lat' dir='ltr'>in</span> <span class='ocrx_word' id='word_1_271' title='bbox 756 3302 948 3362; x_wconf 89' lang='lat' dir='ltr'>lucem</span> <span class='ocrx_word' id='word_1_272' title='bbox 976 3298 1144 3362; x_wconf 87' lang='lat' dir='ltr'>dedit</span> <span class='ocrx_word' id='word_1_273' title='bbox 1184 3302 1373 3366; x_wconf 86' lang='lat' dir='ltr'>Paris.</span> <span class='ocrx_word' id='word_1_274' title='bbox 1408 3303 1584 3363; x_wconf 87' lang='lat'><strong>1618.</strong></span> <span class='ocrx_word' id='word_1_275' title='bbox 1623 3304 1724 3363; x_wconf 72' lang='lat'>12.</span> <span class='ocrx_word' id='word_1_276' title='bbox 1801 3302 2230 3362; x_wconf 87' lang='lat' dir='ltr'>Mercerianam</span> <span class='ocrx_word' id='word_1_277' title='bbox 2277 3301 2596 3361; x_wconf 86' lang='lat' dir='ltr'>editionem</span> <span class='ocrx_word' id='word_1_278' title='bbox 2640 3314 2846 3364; x_wconf 84' lang='lat' dir='ltr'>secuta</span> 
     </span>
    </p>
   </div>
   <div class='ocr_carea' id='block_1_3' title="bbox 672 3479 2848 4245">
    <p class='ocr_par' dir='ltr' id='par_1_3' title="bbox 672 3479 2848 3669">
     <span class='ocr_line' id='line_1_32' title="bbox 734 3479 2846 3545; baseline 0 -16"><span class='ocrx_word' id='word_1_279' title='bbox 734 3484 763 3517; x_wconf 78' lang='grc'><strong>4</strong></span> <span class='ocrx_word' id='word_1_280' title='bbox 784 3480 983 3529; x_wconf 80' lang='lat' dir='ltr'>Journal</span> <span class='ocrx_word' id='word_1_281' title='bbox 1005 3480 1092 3530; x_wconf 85' lang='lat' dir='ltr'>des</span> <span class='ocrx_word' id='word_1_282' title='bbox 1106 3482 1377 3534; x_wconf 71' lang='lat' dir='ltr'>Sav.,1⁷32.</span> <span class='ocrx_word' id='word_1_283' title='bbox 1402 3480 1535 3530; x_wconf 72' lang='lat' dir='ltr'>Mars</span> <span class='ocrx_word' id='word_1_284' title='bbox 1549 3497 1600 3544; x_wconf 81' lang='lat' dir='ltr'>p.</span> <span class='ocrx_word' id='word_1_285' title='bbox 1616 3485 1730 3532; x_wconf 78' lang='lat'><strong>291.</strong></span> <span class='ocrx_word' id='word_1_286' title='bbox 1794 3486 1933 3529; x_wconf 77' lang='lat' dir='ltr'>tanus</span> <span class='ocrx_word' id='word_1_287' title='bbox 1983 3479 2071 3527; x_wconf 91' lang='lat' dir='ltr'>lib.</span> <span class='ocrx_word' id='word_1_288' title='bbox 2121 3497 2158 3527; x_wconf 87' lang='lat'>1.</span> <span class='ocrx_word' id='word_1_289' title='bbox 2221 3480 2282 3528; x_wconf 85' lang='lat' dir='ltr'>de</span> <span class='ocrx_word' id='word_1_290' title='bbox 2342 3481 2568 3529; x_wconf 86' lang='lat' dir='ltr'>Sermone</span> <span class='ocrx_word' id='word_1_291' title='bbox 2608 3497 2718 3545; x_wconf 77' lang='lat' dir='ltr'>cap.</span> <span class='ocrx_word' id='word_1_292' title='bbox 2769 3484 2846 3531; x_wconf 90' lang='grc'>18.</span> 
     </span>
     <span class='ocr_line' id='line_1_33' title="bbox 672 3543 2848 3609; baseline 0 -17"><span class='ocrx_word' id='word_1_293' title='bbox 672 3546 875 3602; x_wconf 50' lang='grc' dir='ltr'>,Ιρετίτοε</span> <span class='ocrx_word' id='word_1_294' title='bbox 900 3545 1129 3594; x_wconf 76' lang='lat' dir='ltr'>serienses</span> <span class='ocrx_word' id='word_1_295' title='bbox 1168 3552 1220 3593; x_wconf 86' lang='lat' dir='ltr'>et</span> <span class='ocrx_word' id='word_1_296' title='bbox 1258 3545 1457 3595; x_wconf 84' lang='lat' dir='ltr'>badines</span> <span class='ocrx_word' id='word_1_297' title='bbox 1496 3546 1555 3593; x_wconf 82' lang='lat' dir='ltr'>T.</span> <span class='ocrx_word' id='word_1_298' title='bbox 1578 3562 1650 3594; x_wconf 82' lang='lat' dir='ltr'>vr.</span> <span class='ocrx_word' id='word_1_299' title='bbox 1681 3561 1730 3609; x_wconf 87' lang='lat' dir='ltr'>p.</span> <span class='ocrx_word' id='word_1_300' title='bbox 1796 3543 1989 3594; x_wconf 82' lang='lat' dir='ltr'>Primus</span> <span class='ocrx_word' id='word_1_301' title='bbox 2041 3544 2194 3595; x_wconf 77' lang='lat' dir='ltr'>edidit</span> <span class='ocrx_word' id='word_1_302' title='bbox 2246 3544 2531 3593; x_wconf 84' lang='lat' dir='ltr'>Laurentius</span> <span class='ocrx_word' id='word_1_303' title='bbox 2571 3545 2848 3598; x_wconf 77' lang='lat' dir='ltr'>Abstemius</span> 
     </span>
     <span class='ocr_line' id='line_1_34' title="bbox 678 3606 2846 3669; baseline 0.001 -11"><span class='ocrx_word' id='word_1_304' title='bbox 678 3612 791 3659; x_wconf 77' lang='lat'>191.</span> <span class='ocrx_word' id='word_1_305' title='bbox 1795 3613 1919 3655; x_wconf 83' lang='lat' dir='ltr'>teste</span> <span class='ocrx_word' id='word_1_306' title='bbox 1967 3608 2156 3657; x_wconf 84' lang='lat' dir='ltr'>Vossio.</span> <span class='ocrx_word' id='word_1_307' title='bbox 2221 3606 2488 3669; x_wconf 80' lang='lat' dir='ltr'>Antiquam</span> <span class='ocrx_word' id='word_1_308' title='bbox 2521 3608 2846 3660; x_wconf 71' lang='lat' dir='ltr'>florentinam</span> 
     </span>
    </p>

    <p class='ocr_par' dir='ltr' id='par_1_4' title="bbox 674 3670 2846 4245">
     <span class='ocr_line' id='line_1_35' title="bbox 737 3670 2846 3735; baseline 0 -15"><span class='ocrx_word' id='word_1_309' title='bbox 737 3670 759 3703; x_wconf 81' lang='lat'><em>⁵</em></span> <span class='ocrx_word' id='word_1_310' title='bbox 786 3672 1040 3735; x_wconf 79' lang='lat' dir='ltr'>Allegatur</span> <span class='ocrx_word' id='word_1_311' title='bbox 1074 3671 1305 3720; x_wconf 72' lang='lat' dir='ltr'>alutatio</span> <span class='ocrx_word' id='word_1_312' title='bbox 1334 3672 1395 3719; x_wconf 81' lang='lat' dir='ltr'>ad</span> <span class='ocrx_word' id='word_1_313' title='bbox 1422 3672 1561 3721; x_wconf 86' lang='lat' dir='ltr'>Statii</span> <span class='ocrx_word' id='word_1_314' title='bbox 1576 3672 1728 3721; x_wconf 85' lang='lat' dir='ltr'>Theb.</span> <span class='ocrx_word' id='word_1_315' title='bbox 1794 3671 2050 3727; x_wconf 75' lang='lat' dir='ltr'>editionem</span> <span class='ocrx_word' id='word_1_316' title='bbox 2063 3672 2114 3718; x_wconf 88' lang='lat' dir='ltr'>in</span> <span class='ocrx_word' id='word_1_317' title='bbox 2134 3676 2185 3721; x_wconf 88' lang='grc'>4.</span> <span class='ocrx_word' id='word_1_318' title='bbox 2206 3680 2440 3721; x_wconf 87' lang='lat' dir='ltr'>memorat</span> <span class='ocrx_word' id='word_1_319' title='bbox 2448 3672 2481 3721; x_wconf 87' lang='lat' dir='ltr'><strong>J</strong></span> <span class='ocrx_word' id='word_1_320' title='bbox 2482 3687 2663 3720; x_wconf 81' lang='lat' dir='ltr'>oannes</span> <span class='ocrx_word' id='word_1_321' title='bbox 2683 3673 2846 3722; x_wconf 87' lang='lat' dir='ltr'>Ciuel-</span> 
     </span>
     <span class='ocr_line' id='line_1_36' title="bbox 680 3734 2845 3799; baseline 0.001 -16"><span class='ocrx_word' id='word_1_322' title='bbox 680 3752 753 3790; x_wconf 69' lang='grc' dir='ltr'>υ.</span> <span class='ocrx_word' id='word_1_323' title='bbox 775 3736 1002 3799; x_wconf 67' lang='lat' dir='ltr'>12⁰..ubi</span> <span class='ocrx_word' id='word_1_324' title='bbox 1028 3734 1157 3791; x_wconf 83' lang='lat' dir='ltr'>vide,</span> <span class='ocrx_word' id='word_1_325' title='bbox 1195 3737 1237 3781; x_wconf 84' lang='lat' dir='ltr'>si</span> <span class='ocrx_word' id='word_1_326' title='bbox 1265 3735 1419 3799; x_wconf 83' lang='lat' dir='ltr'>juvat,</span> <span class='ocrx_word' id='word_1_327' title='bbox 1438 3736 1728 3784; x_wconf 83' lang='lat' dir='ltr'>Lindenbro-</span> <span class='ocrx_word' id='word_1_328' title='bbox 1793 3736 1869 3783; x_wconf 88' lang='lat' dir='ltr'>lus</span> <span class='ocrx_word' id='word_1_329' title='bbox 1900 3736 1951 3783; x_wconf 87' lang='lat' dir='ltr'>in</span> <span class='ocrx_word' id='word_1_330' title='bbox 1984 3735 2112 3783; x_wconf 88' lang='lat' dir='ltr'>Bibl.</span> <span class='ocrx_word' id='word_1_331' title='bbox 2148 3736 2341 3783; x_wconf 83' lang='lat' dir='ltr'>volante</span> <span class='ocrx_word' id='word_1_332' title='bbox 2363 3735 2420 3782; x_wconf 91' lang='lat' dir='ltr'>T.</span> <span class='ocrx_word' id='word_1_333' title='bbox 2442 3751 2535 3782; x_wconf 84' lang='lat' dir='ltr'>vn.</span> <span class='ocrx_word' id='word_1_334' title='bbox 2568 3750 2618 3797; x_wconf 92' lang='lat' dir='ltr'>p.</span> <span class='ocrx_word' id='word_1_335' title='bbox 2637 3741 2722 3785; x_wconf 80' lang='lat'>66.</span> <span class='ocrx_word' id='word_1_336' title='bbox 2759 3740 2845 3785; x_wconf 81' lang='lat' dir='ltr'>sub</span> 
     </span>
     <span class='ocr_line' id='line_1_37' title="bbox 674 3798 2843 3865; baseline 0 -18"><span class='ocrx_word' id='word_1_337' title='bbox 674 3800 825 3863; x_wconf 70' lang='lat' dir='ltr'>ginta,</span> <span class='ocrx_word' id='word_1_338' title='bbox 857 3799 1064 3865; x_wconf 82' lang='lat' dir='ltr'>itemque</span> <span class='ocrx_word' id='word_1_339' title='bbox 1087 3798 1337 3847; x_wconf 83' lang='lat' dir='ltr'>Barthium</span> <span class='ocrx_word' id='word_1_340' title='bbox 1356 3799 1415 3847; x_wconf 92' lang='lat' dir='ltr'>T.</span> <span class='ocrx_word' id='word_1_341' title='bbox 1438 3815 1523 3847; x_wconf 80' lang='grc' dir='ltr'><strong>ιη.</strong></span> <span class='ocrx_word' id='word_1_342' title='bbox 1544 3817 1594 3864; x_wconf 84' lang='lat' dir='ltr'>p.</span> <span class='ocrx_word' id='word_1_343' title='bbox 1617 3805 1730 3853; x_wconf 70' lang='lat'><strong>393.</strong></span> <span class='ocrx_word' id='word_1_344' title='bbox 1797 3800 1875 3846; x_wconf 91' lang='lat' dir='ltr'>tit.</span> <span class='ocrx_word' id='word_1_345' title='bbox 1915 3806 1928 3827; x_wconf 90' lang='lat'>‘</span> <span class='ocrx_word' id='word_1_346' title='bbox 1947 3799 2185 3847; x_wconf 86' lang='lat' dir='ltr'>Homerus</span> <span class='ocrx_word' id='word_1_347' title='bbox 2215 3798 2275 3846; x_wconf 87' lang='lat' dir='ltr'>de</span> <span class='ocrx_word' id='word_1_348' title='bbox 2306 3798 2462 3861; x_wconf 38' lang='lat' dir='ltr'>Beue,</span> <span class='ocrx_word' id='word_1_349' title='bbox 2483 3799 2724 3862; x_wconf 64' lang='lat' dir='ltr'>Trojano!</span> <span class='ocrx_word' id='word_1_350' title='bbox 2785 3800 2843 3849; x_wconf 84' lang='lat' dir='ltr'>In</span> 
     </span>
     <span class='ocr_line' id='line_1_38' title="bbox 682 3856 2837 3937; baseline 0.001 -28"><span class='ocrx_word' id='word_1_351' title='bbox 682 3878 755 3925; x_wconf 81' lang='lat' dir='ltr'>sq.</span> <span class='ocrx_word' id='word_1_352' title='bbox 780 3856 879 3937; x_wconf 63' lang='lat' dir='ltr'>qdi.</span> <span class='ocrx_word' id='word_1_353' title='bbox 894 3870 1136 3915; x_wconf 82' lang='lat' dir='ltr'>auctorem</span> <span class='ocrx_word' id='word_1_354' title='bbox 1168 3869 1406 3910; x_wconf 82' lang='lat' dir='ltr'>vetustum</span> <span class='ocrx_word' id='word_1_355' title='bbox 1426 3858 1634 3926; x_wconf 86' lang='lat' dir='ltr'>bonique</span> <span class='ocrx_word' id='word_1_356' title='bbox 1655 3864 1732 3919; x_wconf 84' lang='lat' dir='ltr'>in·</span> <span class='ocrx_word' id='word_1_357' title='bbox 1799 3863 1899 3911; x_wconf 91' lang='lat' dir='ltr'>Ms.</span> <span class='ocrx_word' id='word_1_358' title='bbox 1932 3862 2062 3910; x_wconf 87' lang='lat' dir='ltr'>Bib&#39;l.</span> <span class='ocrx_word' id='word_1_359' title='bbox 2100 3861 2504 3924; x_wconf 83' lang='lat' dir='ltr'>Annaebergensis</span> <span class='ocrx_word' id='word_1_360' title='bbox 2539 3863 2837 3915; x_wconf 80' lang='lat' dir='ltr'>inscribitur:</span> 
     </span>
     <span class='ocr_line' id='line_1_39' title="bbox 683 3925 2846 3991; baseline 0.003 -18"><span class='ocrx_word' id='word_1_361' title='bbox 683 3926 815 3991; x_wconf 66' lang='lat' dir='ltr'>genii</span> <span class='ocrx_word' id='word_1_362' title='bbox 834 3927 1047 3989; x_wconf 81' lang='lat' dir='ltr'>appellat</span> <span class='ocrx_word' id='word_1_363' title='bbox 1057 3929 1297 3976; x_wconf 63' lang='lat' dir='ltr'>wunld.</span> <span class='ocrx_word' id='word_1_364' title='bbox 1316 3933 1366 3973; x_wconf 85' lang='lat' dir='ltr'>et</span> <span class='ocrx_word' id='word_1_365' title='bbox 1385 3940 1495 3973; x_wconf 75' lang='lat' dir='ltr'>mx.</span> <span class='ocrx_word' id='word_1_366' title='bbox 1513 3930 1559 3974; x_wconf 93' lang='lat'>1.</span> <span class='ocrx_word' id='word_1_367' title='bbox 1582 3936 1633 3974; x_wconf 88' lang='lat' dir='ltr'>et</span> <span class='ocrx_word' id='word_1_368' title='bbox 1655 3931 1736 3977; x_wconf 81' lang='lat'>15.</span> <span class='ocrx_word' id='word_1_369' title='bbox 1801 3933 1816 3956; x_wconf 86' lang='lat'><em>‘</em></span> <span class='ocrx_word' id='word_1_370' title='bbox 1835 3927 2072 3973; x_wconf 83' lang='lat' dir='ltr'>Homerus</span> <span class='ocrx_word' id='word_1_371' title='bbox 2091 3941 2178 3987; x_wconf 83' lang='lat' dir='ltr'>per</span> <span class='ocrx_word' id='word_1_372' title='bbox 2199 3925 2452 3973; x_wconf 83' lang='lat' dir='ltr'>Pindarum</span> <span class='ocrx_word' id='word_1_373' title='bbox 2466 3926 2708 3990; x_wconf 84' lang='lat' dir='ltr'>insignem</span> <span class='ocrx_word' id='word_1_374' title='bbox 2733 3928 2846 3979; x_wconf 73' lang='lat' dir='ltr'>Ora·</span> 
     </span>
     <span class='ocr_line' id='line_1_40' title="bbox 685 3984 2844 4054; baseline 0.002 -19"><span class='ocrx_word' id='word_1_375' title='bbox 685 3988 1521 4054; x_wconf 63' lang='lat' dir='ltr'>Adversarmbiintegrumrecenset,</span> <span class='ocrx_word' id='word_1_376' title='bbox 1536 3984 1628 4038; x_wconf 81' lang='lat' dir='ltr'>nec</span> <span class='ocrx_word' id='word_1_377' title='bbox 1640 3990 1731 4037; x_wconf 87' lang='lat' dir='ltr'>du·</span> <span class='ocrx_word' id='word_1_378' title='bbox 1792 3996 1944 4037; x_wconf 88' lang='lat' dir='ltr'>torem</span> <span class='ocrx_word' id='word_1_379' title='bbox 1953 3990 2012 4037; x_wconf 87' lang='lat' dir='ltr'>de</span> <span class='ocrx_word' id='word_1_380' title='bbox 2036 3989 2210 4037; x_wconf 77' lang='lat' dir='ltr'>Graeco</span> <span class='ocrx_word' id='word_1_381' title='bbox 2241 3990 2292 4037; x_wconf 89' lang='lat' dir='ltr'>in</span> <span class='ocrx_word' id='word_1_382' title='bbox 2316 3989 2538 4037; x_wconf 75' lang='lat' dir='ltr'>Latinum</span> <span class='ocrx_word' id='word_1_383' title='bbox 2566 3992 2844 4048; x_wconf 58' lang='lat' dir='ltr'>traductus?</span> 
     </span>
     <span class='ocr_line' id='line_1_41' title="bbox 681 4052 2845 4116; baseline 0.001 -19"><span class='ocrx_word' id='word_1_384' title='bbox 681 4052 813 4105; x_wconf 72' lang='lat' dir='ltr'>bitat,</span> <span class='ocrx_word' id='word_1_385' title='bbox 823 4053 856 4101; x_wconf 87' lang='lat' dir='ltr'><strong>J</strong></span> <span class='ocrx_word' id='word_1_386' title='bbox 860 4053 1039 4115; x_wconf 86' lang='lat' dir='ltr'>osepho</span> <span class='ocrx_word' id='word_1_387' title='bbox 1061 4052 1232 4101; x_wconf 84' lang='lat' dir='ltr'>Iscano</span> <span class='ocrx_word' id='word_1_388' title='bbox 1254 4052 1475 4101; x_wconf 82' lang='lat' dir='ltr'>Devonio</span> <span class='ocrx_word' id='word_1_389' title='bbox 1496 4054 1728 4116; x_wconf 80' lang='lat' dir='ltr'>praeserre.</span> <span class='ocrx_word' id='word_1_390' title='bbox 1793 4052 1922 4113; x_wconf 73' lang='lat' dir='ltr'>Vide</span> <span class='ocrx_word' id='word_1_391' title='bbox 1944 4053 2203 4102; x_wconf 78' lang='lat' dir='ltr'>Christiani</span> <span class='ocrx_word' id='word_1_392' title='bbox 2238 4052 2474 4101; x_wconf 85' lang='lat' dir='ltr'>Gotthold</span> <span class='ocrx_word' id='word_1_393' title='bbox 2496 4053 2759 4108; x_wconf 73' lang='lat' dir='ltr'>Willischii</span> <span class='ocrx_word' id='word_1_394' title='bbox 2775 4071 2845 4105; x_wconf 71' lang='lat' dir='ltr'>as·</span> 
     </span>
     <span class='ocr_line' id='line_1_42' title="bbox 688 4115 2662 4191; baseline 0.004 -31"><span class='ocrx_word' id='word_1_395' title='bbox 688 4115 737 4160; x_wconf 78' lang='lat' dir='ltr'>A</span> <span class='ocrx_word' id='word_1_396' title='bbox 760 4116 1019 4169; x_wconf 69' lang='lat' dir='ltr'>Laurentio</span> <span class='ocrx_word' id='word_1_397' title='bbox 1033 4116 1177 4173; x_wconf 72' lang='lat' dir='ltr'>Valla</span> <span class='ocrx_word' id='word_1_398' title='bbox 1197 4117 1359 4191; x_wconf 68' lang='lat' dir='ltr'>inepto</span> <span class='ocrx_word' id='word_1_399' title='bbox 1393 4118 1632 4169; x_wconf 75' lang='lat' dir='ltr'>antelatus</span> <span class='ocrx_word' id='word_1_400' title='bbox 1656 4125 1734 4171; x_wconf 75' lang='lat' dir='ltr'>est</span> <span class='ocrx_word' id='word_1_401' title='bbox 1793 4133 1912 4167; x_wconf 79' lang='lat' dir='ltr'>cana</span> <span class='ocrx_word' id='word_1_402' title='bbox 1933 4118 2063 4167; x_wconf 87' lang='lat' dir='ltr'>Bibl.</span> <span class='ocrx_word' id='word_1_403' title='bbox 2087 4115 2487 4181; x_wconf 81' lang='lat' dir='ltr'>Annaebergensis</span> <span class='ocrx_word' id='word_1_404' title='bbox 2507 4132 2558 4181; x_wconf 84' lang='lat' dir='ltr'>p.</span> <span class='ocrx_word' id='word_1_405' title='bbox 2583 4123 2662 4171; x_wconf 85' lang='grc'>18.</span> 
     </span>
     <span class='ocr_line' id='line_1_43' title="bbox 686 4178 1728 4245; baseline 0.001 -18"><span class='ocrx_word' id='word_1_406' title='bbox 686 4178 781 4245; x_wconf 75' lang='lat' dir='ltr'>ipsi</span> <span class='ocrx_word' id='word_1_407' title='bbox 801 4178 1018 4240; x_wconf 80' lang='lat' dir='ltr'>Virgilio,</span> <span class='ocrx_word' id='word_1_408' title='bbox 1049 4186 1103 4227; x_wconf 90' lang='lat' dir='ltr'>ut</span> <span class='ocrx_word' id='word_1_409' title='bbox 1132 4188 1317 4230; x_wconf 78' lang='lat' dir='ltr'>notant</span> <span class='ocrx_word' id='word_1_410' title='bbox 1351 4179 1382 4230; x_wconf 83' lang='lat' dir='ltr'>J</span> <span class='ocrx_word' id='word_1_411' title='bbox 1385 4183 1579 4230; x_wconf 82' lang='lat' dir='ltr'>ovianus</span> <span class='ocrx_word' id='word_1_412' title='bbox 1600 4182 1728 4230; x_wconf 91' lang='lat' dir='ltr'>Pon-</span> 
     </span>
    </p>
   </div>
  </div>
 </body>
</html>
