<?xml version="1.0" encoding="UTF-8"?>
<!DOCTYPE html PUBLIC "-//W3C//DTD XHTML 1.0 Transitional//EN"
    "http://www.w3.org/TR/xhtml1/DTD/xhtml1-transitional.dtd">
<html xmlns="http://www.w3.org/1999/xhtml" xml:lang="en" lang="en">
 <head>
  <title>
</title>
<meta http-equiv="Content-Type" content="text/html;charset=utf-8" />
  <meta name='ocr-system' content='tesseract 3.04.00' />
  <meta name='ocr-capabilities' content='ocr_page ocr_carea ocr_par ocr_line ocrx_word'/>
</head>
<body>
  <div class='ocr_page' id='page_1' title='image "./dictyscretensis01dresgoog_0068.png"; bbox 0 0 3173 4957; ppageno 0'>
   <div class='ocr_carea' id='block_1_1' title="bbox 579 386 714 453">
    <p class='ocr_par' dir='ltr' id='par_1_1' title="bbox 579 386 714 453">
     <span class='ocr_line' id='line_1_1' title="bbox 579 386 714 453; baseline 0 0"><span class='ocrx_word' id='word_1_1' title='bbox 579 386 714 453; x_wconf 82' lang='lat'><strong>410</strong></span> 
     </span>
    </p>
   </div>
   <div class='ocr_carea' id='block_1_2' title="bbox 1365 392 1975 448">
    <p class='ocr_par' dir='ltr' id='par_1_2' title="bbox 1365 392 1975 448">
     <span class='ocr_line' id='line_1_2' title="bbox 1365 392 1975 448; baseline -0.008 0"><span class='ocrx_word' id='word_1_2' title='bbox 1365 394 1677 448; x_wconf 58' lang='lat' dir='ltr'><strong>:ostem</strong></span> <span class='ocrx_word' id='word_1_3' title='bbox 1722 392 1975 447; x_wconf 62' lang='lat' dir='ltr'><strong>iscam</strong></span> 
     </span>
    </p>
   </div>
   <div class='ocr_carea' id='block_1_3' title="bbox 667 537 2253 620">
    <p class='ocr_par' dir='ltr' id='par_1_3' title="bbox 667 537 2253 620">
     <span class='ocr_line' id='line_1_3' title="bbox 667 537 2253 620; baseline -0.005 -10"><span class='ocrx_word' id='word_1_4' title='bbox 667 540 1012 620; x_wconf 78' lang='lat' dir='ltr'><strong>Plaudite,</strong></span> <span class='ocrx_word' id='word_1_5' title='bbox 1039 539 1379 619; x_wconf 83' lang='lat' dir='ltr'><strong>concives,</strong></span> <span class='ocrx_word' id='word_1_6' title='bbox 1403 540 1763 606; x_wconf 63' lang='lat' dir='ltr'><strong>Salamina</strong></span> <span class='ocrx_word' id='word_1_7' title='bbox 1792 538 1953 603; x_wconf 84' lang='lat' dir='ltr'><strong>ditis</strong></span> <span class='ocrx_word' id='word_1_8' title='bbox 1982 537 2253 616; x_wconf 84' lang='lat' dir='ltr'><strong>alumni,</strong></span> 
     </span>
    </p>
   </div>
   <div class='ocr_carea' id='block_1_4' title="bbox 582 642 2071 712">
    <p class='ocr_par' dir='ltr' id='par_1_4' title="bbox 582 642 2071 712">
     <span class='ocr_line' id='line_1_4' title="bbox 582 642 2071 712; baseline -0.005 0"><span class='ocrx_word' id='word_1_9' title='bbox 582 645 930 712; x_wconf 79' lang='lat' dir='ltr'>Plaudite:</span> <span class='ocrx_word' id='word_1_10' title='bbox 973 642 1210 709; x_wconf 85' lang='lat' dir='ltr'><strong>victori</strong></span> <span class='ocrx_word' id='word_1_11' title='bbox 1235 644 1446 707; x_wconf 87' lang='lat' dir='ltr'><strong>nubet</strong></span> <span class='ocrx_word' id='word_1_12' title='bbox 1473 642 1809 707; x_wconf 79' lang='lat' dir='ltr'><strong>Priameia</strong></span> <span class='ocrx_word' id='word_1_13' title='bbox 1836 646 2071 705; x_wconf 89' lang='lat' dir='ltr'><strong>nostro</strong></span> 
     </span>
    </p>
   </div>
   <div class='ocr_carea' id='block_1_5' title="bbox 2636 635 2771 701">
    <p class='ocr_par' dir='ltr' id='par_1_5' title="bbox 2636 635 2771 701">
     <span class='ocr_line' id='line_1_5' title="bbox 2636 635 2771 701; baseline 0 0"><span class='ocrx_word' id='word_1_14' title='bbox 2636 635 2771 701; x_wconf 81' lang='lat'><strong>105</strong></span> 
     </span>
    </p>
   </div>
   <div class='ocr_carea' id='block_1_6' title="bbox 581 742 2551 1129">
    <p class='ocr_par' dir='ltr' id='par_1_6' title="bbox 581 742 2353 1028">
     <span class='ocr_line' id='line_1_6' title="bbox 583 742 2103 820; baseline -0.005 -9"><span class='ocrx_word' id='word_1_15' title='bbox 583 744 920 811; x_wconf 77' lang='lat' dir='ltr'><strong>Hesione:</strong></span> <span class='ocrx_word' id='word_1_16' title='bbox 963 744 1258 807; x_wconf 88' lang='lat' dir='ltr'><strong>clamant</strong></span> <span class='ocrx_word' id='word_1_17' title='bbox 1282 762 1442 819; x_wconf 88' lang='lat' dir='ltr'><strong>una,</strong></span> <span class='ocrx_word' id='word_1_18' title='bbox 1469 742 1779 820; x_wconf 81' lang='lat' dir='ltr'><strong>feliciter,</strong></span> <span class='ocrx_word' id='word_1_19' title='bbox 1824 758 2103 820; x_wconf 76' lang='lat' dir='ltr'><strong>omnes:</strong></span> 
     </span>
     <span class='ocr_line' id='line_1_7' title="bbox 582 840 2353 928; baseline -0.006 -17"><span class='ocrx_word' id='word_1_20' title='bbox 582 845 1196 928; x_wconf 82' lang='lat' dir='ltr'><strong>congeminautque</strong></span> <span class='ocrx_word' id='word_1_21' title='bbox 1221 844 1486 920; x_wconf 90' lang='lat' dir='ltr'><strong>iterum,</strong></span> <span class='ocrx_word' id='word_1_22' title='bbox 1511 842 1821 907; x_wconf 78' lang='lat' dir='ltr'><strong>feliciter.</strong></span> <span class='ocrx_word' id='word_1_23' title='bbox 1904 840 2039 905; x_wconf 91' lang='lat' dir='ltr'><strong>Ille</strong></span> <span class='ocrx_word' id='word_1_24' title='bbox 2066 854 2353 904; x_wconf 82' lang='lat' dir='ltr'><strong>canoros</strong></span> 
     </span>
     <span class='ocr_line' id='line_1_8' title="bbox 581 942 2311 1028; baseline -0.005 -15"><span class='ocrx_word' id='word_1_25' title='bbox 581 946 965 1013; x_wconf 85' lang='lat' dir='ltr'><strong>Concilians</strong></span> <span class='ocrx_word' id='word_1_26' title='bbox 994 945 1066 1009; x_wconf 90' lang='lat' dir='ltr'><strong>in</strong></span> <span class='ocrx_word' id='word_1_27' title='bbox 1093 944 1358 1028; x_wconf 87' lang='lat' dir='ltr'><strong>plectra</strong></span> <span class='ocrx_word' id='word_1_28' title='bbox 1380 943 1645 1019; x_wconf 85' lang='lat' dir='ltr'><strong>modos,</strong></span> <span class='ocrx_word' id='word_1_29' title='bbox 1674 942 1781 1007; x_wconf 85' lang='lat' dir='ltr'><strong>his</strong></span> <span class='ocrx_word' id='word_1_30' title='bbox 1808 942 1949 1006; x_wconf 87' lang='lat' dir='ltr'><strong>exit</strong></span> <span class='ocrx_word' id='word_1_31' title='bbox 1976 943 2045 1005; x_wconf 90' lang='lat' dir='ltr'><strong>in</strong></span> <span class='ocrx_word' id='word_1_32' title='bbox 2073 958 2311 1004; x_wconf 88' lang='lat' dir='ltr'><strong>aures:</strong></span> 
     </span>
    </p>

    <p class='ocr_par' dir='ltr' id='par_1_7' title="bbox 667 1043 2551 1129">
     <span class='ocr_line' id='line_1_9' title="bbox 667 1043 2551 1129; baseline -0.005 -18"><span class='ocrx_word' id='word_1_33' title='bbox 667 1046 852 1126; x_wconf 83' lang='lat' dir='ltr'><strong>Quid</strong></span> <span class='ocrx_word' id='word_1_34' title='bbox 880 1045 1094 1129; x_wconf 83' lang='lat' dir='ltr'><strong>gentis</strong></span> <span class='ocrx_word' id='word_1_35' title='bbox 1127 1046 1390 1110; x_wconf 71' lang='lat' dir='ltr'><strong>Danaae</strong></span> <span class='ocrx_word' id='word_1_36' title='bbox 1417 1062 1730 1129; x_wconf 82' lang='lat' dir='ltr'><strong>proavos,</strong></span> <span class='ocrx_word' id='word_1_37' title='bbox 1762 1043 1927 1128; x_wconf 87' lang='lat' dir='ltr'><strong>quid</strong></span> <span class='ocrx_word' id='word_1_38' title='bbox 1952 1043 2177 1127; x_wconf 86' lang='lat' dir='ltr'><strong>prisca</strong></span> <span class='ocrx_word' id='word_1_39' title='bbox 2204 1046 2551 1123; x_wconf 76' lang='lat' dir='ltr'><strong>stupemus</strong></span> 
     </span>
    </p>
   </div>
   <div class='ocr_carea' id='block_1_7' title="bbox 581 1146 2255 1231">
    <p class='ocr_par' dir='ltr' id='par_1_8' title="bbox 581 1146 2255 1231">
     <span class='ocr_line' id='line_1_10' title="bbox 581 1146 2255 1231; baseline -0.004 -16"><span class='ocrx_word' id='word_1_40' title='bbox 581 1148 832 1215; x_wconf 80' lang='lat' dir='ltr'><strong>Praelia</strong></span> <span class='ocrx_word' id='word_1_41' title='bbox 849 1150 881 1213; x_wconf 79' lang='lat' dir='ltr'><strong>‘l</strong></span> <span class='ocrx_word' id='word_1_42' title='bbox 927 1148 1235 1213; x_wconf 87' lang='lat' dir='ltr'><strong>miremur</strong></span> <span class='ocrx_word' id='word_1_43' title='bbox 1261 1147 1517 1231; x_wconf 84' lang='lat' dir='ltr'><strong>potius,</strong></span> <span class='ocrx_word' id='word_1_44' title='bbox 1547 1166 1745 1231; x_wconf 86' lang='lat' dir='ltr'><strong>quem</strong></span> <span class='ocrx_word' id='word_1_45' title='bbox 1771 1146 2043 1230; x_wconf 87' lang='lat' dir='ltr'><strong>protulit</strong></span> <span class='ocrx_word' id='word_1_46' title='bbox 2068 1148 2255 1221; x_wconf 84' lang='lat' dir='ltr'><strong>aetas,</strong></span> 
     </span>
    </p>
   </div>
   <div class='ocr_carea' id='block_1_8' title="bbox 2638 1140 2765 1205">
    <p class='ocr_par' dir='ltr' id='par_1_9' title="bbox 2638 1140 2765 1205">
     <span class='ocr_line' id='line_1_11' title="bbox 2638 1140 2765 1205; baseline 0 0"><span class='ocrx_word' id='word_1_47' title='bbox 2638 1140 2765 1205; x_wconf 84' lang='lat'><strong>11⁰</strong></span> 
     </span>
    </p>
   </div>
   <div class='ocr_carea' id='block_1_9' title="bbox 577 1245 2399 1636">
    <p class='ocr_par' dir='ltr' id='par_1_10' title="bbox 579 1245 2399 1535">
     <span class='ocr_line' id='line_1_12' title="bbox 581 1245 2399 1331; baseline -0.003 -18"><span class='ocrx_word' id='word_1_48' title='bbox 581 1249 741 1329; x_wconf 84' lang='lat' dir='ltr'><strong>Qua</strong></span> <span class='ocrx_word' id='word_1_49' title='bbox 766 1248 1070 1326; x_wconf 82' lang='lat' dir='ltr'><strong>fruimur,</strong></span> <span class='ocrx_word' id='word_1_50' title='bbox 1094 1266 1314 1313; x_wconf 89' lang='lat' dir='ltr'><strong>rerum</strong></span> <span class='ocrx_word' id='word_1_51' title='bbox 1343 1254 1627 1331; x_wconf 86' lang='lat' dir='ltr'><strong>patrem,</strong></span> <span class='ocrx_word' id='word_1_52' title='bbox 1654 1245 2017 1330; x_wconf 88' lang='lat' dir='ltr'><strong>mundique</strong></span> <span class='ocrx_word' id='word_1_53' title='bbox 2046 1250 2399 1328; x_wconf 86' lang='lat' dir='ltr'><strong>patronum</strong></span> 
     </span>
     <span class='ocr_line' id='line_1_13' title="bbox 579 1348 2253 1434; baseline -0.003 -19"><span class='ocrx_word' id='word_1_54' title='bbox 579 1349 1244 1434; x_wconf 79' lang='lat' dir='ltr'><strong>Amphitryoniaden,</strong></span> <span class='ocrx_word' id='word_1_55' title='bbox 1269 1350 1425 1413; x_wconf 81' lang='lat' dir='ltr'><strong>axis</strong></span> <span class='ocrx_word' id='word_1_56' title='bbox 1452 1368 1655 1433; x_wconf 87' lang='lat' dir='ltr'><strong>quem</strong></span> <span class='ocrx_word' id='word_1_57' title='bbox 1681 1348 1916 1413; x_wconf 86' lang='lat' dir='ltr'><strong>laudat</strong></span> <span class='ocrx_word' id='word_1_58' title='bbox 1938 1354 2253 1430; x_wconf 71' lang='lat' dir='ltr'><strong>uterque:</strong></span> 
     </span>
     <span class='ocr_line' id='line_1_14' title="bbox 582 1449 2069 1535; baseline -0.003 -18"><span class='ocrx_word' id='word_1_59' title='bbox 582 1449 792 1535; x_wconf 85' lang='lat' dir='ltr'><strong>Cujus</strong></span> <span class='ocrx_word' id='word_1_60' title='bbox 819 1470 1017 1535; x_wconf 89' lang='lat' dir='ltr'><strong>opem</strong></span> <span class='ocrx_word' id='word_1_61' title='bbox 1045 1470 1270 1516; x_wconf 79' lang='lat' dir='ltr'><strong>saevos</strong></span> <span class='ocrx_word' id='word_1_62' title='bbox 1297 1450 1715 1515; x_wconf 87' lang='lat' dir='ltr'><strong>debellatura</strong></span> <span class='ocrx_word' id='word_1_63' title='bbox 1742 1449 2069 1530; x_wconf 85' lang='lat' dir='ltr'><strong>Gigantes</strong></span> 
     </span>
    </p>

    <p class='ocr_par' dir='ltr' id='par_1_11' title="bbox 577 1549 2389 1636">
     <span class='ocr_line' id='line_1_15' title="bbox 577 1549 2389 1636; baseline -0.003 -20"><span class='ocrx_word' id='word_1_64' title='bbox 577 1550 788 1616; x_wconf 80' lang='lat' dir='ltr'><strong>Astra</strong></span> <span class='ocrx_word' id='word_1_65' title='bbox 813 1556 1058 1636; x_wconf 87' lang='lat' dir='ltr'><strong>petunt,</strong></span> <span class='ocrx_word' id='word_1_66' title='bbox 1083 1553 1478 1635; x_wconf 86' lang='lat' dir='ltr'><strong>geminoque</strong></span> <span class='ocrx_word' id='word_1_67' title='bbox 1505 1551 1746 1616; x_wconf 86' lang='lat' dir='ltr'><strong>armari</strong></span> <span class='ocrx_word' id='word_1_68' title='bbox 1772 1550 2043 1615; x_wconf 82' lang='lat' dir='ltr'><strong>fulmine</strong></span> <span class='ocrx_word' id='word_1_69' title='bbox 2071 1549 2389 1631; x_wconf 90' lang='lat' dir='ltr'><strong>poscunt.</strong></span> 
     </span>
    </p>
   </div>
   <div class='ocr_carea' id='block_1_10' title="bbox 583 1650 2287 1733">
    <p class='ocr_par' dir='ltr' id='par_1_12' title="bbox 583 1650 2287 1733">
     <span class='ocr_line' id='line_1_16' title="bbox 583 1650 2287 1733; baseline -0.002 -16"><span class='ocrx_word' id='word_1_70' title='bbox 583 1652 798 1718; x_wconf 84' lang='lat' dir='ltr'><strong>Hune</strong></span> <span class='ocrx_word' id='word_1_71' title='bbox 819 1672 949 1717; x_wconf 88' lang='lat' dir='ltr'><strong>non</strong></span> <span class='ocrx_word' id='word_1_72' title='bbox 977 1652 1158 1718; x_wconf 80' lang='lat' dir='ltr'><strong>Juuo</strong></span> <span class='ocrx_word' id='word_1_73' title='bbox 1188 1652 1406 1731; x_wconf 83' lang='lat' dir='ltr'><strong>ferox,</strong></span> <span class='ocrx_word' id='word_1_74' title='bbox 1434 1670 1566 1716; x_wconf 89' lang='lat' dir='ltr'><strong>uon</strong></span> <span class='ocrx_word' id='word_1_75' title='bbox 1596 1657 1959 1717; x_wconf 84' lang='lat' dir='ltr'><strong>accusator</strong></span> <span class='ocrx_word' id='word_1_76' title='bbox 1986 1650 2287 1733; x_wconf 88' lang='lat' dir='ltr'><strong>iniquus,</strong></span> 
     </span>
    </p>
   </div>
   <div class='ocr_carea' id='block_1_11' title="bbox 2636 1646 2764 1711">
    <p class='ocr_par' dir='ltr' id='par_1_13' title="bbox 2636 1646 2764 1711">
     <span class='ocr_line' id='line_1_17' title="bbox 2636 1646 2764 1711; baseline -0.016 0"><span class='ocrx_word' id='word_1_77' title='bbox 2636 1646 2764 1711; x_wconf 86' lang='lat'><strong>115</strong></span> 
     </span>
    </p>
   </div>
   <div class='ocr_carea' id='block_1_12' title="bbox 579 1750 2273 2142">
    <p class='ocr_par' dir='ltr' id='par_1_14' title="bbox 579 1750 2273 2142">
     <span class='ocr_line' id='line_1_18' title="bbox 581 1750 2273 1834; baseline -0.002 -15"><span class='ocrx_word' id='word_1_78' title='bbox 581 1753 743 1819; x_wconf 89' lang='lat' dir='ltr'><strong>Non</strong></span> <span class='ocrx_word' id='word_1_79' title='bbox 769 1755 960 1819; x_wconf 90' lang='lat' dir='ltr'><strong>labor</strong></span> <span class='ocrx_word' id='word_1_80' title='bbox 985 1754 1332 1819; x_wconf 78' lang='lat' dir='ltr'><strong>exhausit:</strong></span> <span class='ocrx_word' id='word_1_81' title='bbox 1375 1750 1677 1817; x_wconf 81' lang='lat' dir='ltr'><strong>redolent</strong></span> <span class='ocrx_word' id='word_1_82' title='bbox 1700 1752 2032 1820; x_wconf 90' lang='lat' dir='ltr'><strong>cunabula</strong></span> <span class='ocrx_word' id='word_1_83' title='bbox 2060 1752 2273 1834; x_wconf 88' lang='lat' dir='ltr'><strong>prima</strong></span> 
     </span>
     <span class='ocr_line' id='line_1_19' title="bbox 579 1852 2185 1938; baseline -0.001 -18"><span class='ocrx_word' id='word_1_84' title='bbox 579 1853 727 1920; x_wconf 80' lang='lat' dir='ltr'><strong>Vix</strong></span> <span class='ocrx_word' id='word_1_85' title='bbox 755 1864 924 1922; x_wconf 69' lang='lat' dir='ltr'><strong>orta:</strong></span> <span class='ocrx_word' id='word_1_86' title='bbox 953 1856 1224 1920; x_wconf 79' lang='lat' dir='ltr'><strong>virtutis</strong></span> <span class='ocrx_word' id='word_1_87' title='bbox 1251 1874 1466 1938; x_wconf 87' lang='lat' dir='ltr'><strong>opus:</strong></span> <span class='ocrx_word' id='word_1_88' title='bbox 1517 1852 1889 1920; x_wconf 74' lang='lat' dir='ltr'><strong>Nemeaeus</strong></span> <span class='ocrx_word' id='word_1_89' title='bbox 1916 1855 2185 1920; x_wconf 86' lang='lat' dir='ltr'><strong>adultos</strong></span> 
     </span>
     <span class='ocr_line' id='line_1_20' title="bbox 579 1954 2259 2039; baseline -0.001 -19"><span class='ocrx_word' id='word_1_90' title='bbox 579 1954 879 2039; x_wconf 80' lang='lat' dir='ltr'><strong>Expavit</strong></span> <span class='ocrx_word' id='word_1_91' title='bbox 907 1964 1117 2021; x_wconf 87' lang='lat' dir='ltr'><strong>terror</strong></span> <span class='ocrx_word' id='word_1_92' title='bbox 1144 1955 1493 2021; x_wconf 82' lang='lat' dir='ltr'><strong>humeros:</strong></span> <span class='ocrx_word' id='word_1_93' title='bbox 1539 1956 1986 2039; x_wconf 84' lang='lat' dir='ltr'><strong>Erymanthus</strong></span> <span class='ocrx_word' id='word_1_94' title='bbox 2016 1957 2259 2020; x_wconf 87' lang='lat' dir='ltr'><strong>abacto</strong></span> 
     </span>
     <span class='ocr_line' id='line_1_21' title="bbox 581 2056 2113 2142; baseline 0.001 -20"><span class='ocrx_word' id='word_1_95' title='bbox 581 2056 970 2142; x_wconf 85' lang='lat' dir='ltr'><strong>Respiravit</strong></span> <span class='ocrx_word' id='word_1_96' title='bbox 997 2077 1198 2141; x_wconf 89' lang='lat' dir='ltr'><strong>apro:</strong></span> <span class='ocrx_word' id='word_1_97' title='bbox 1243 2058 1543 2123; x_wconf 88' lang='lat' dir='ltr'><strong>victricis</strong></span> <span class='ocrx_word' id='word_1_98' title='bbox 1569 2058 1849 2122; x_wconf 83' lang='lat' dir='ltr'><strong>victima</strong></span> <span class='ocrx_word' id='word_1_99' title='bbox 1873 2058 2113 2135; x_wconf 84' lang='lat' dir='ltr'><strong>clavae,</strong></span> 
     </span>
    </p>
   </div>
   <div class='ocr_carea' id='block_1_13' title="bbox 578 2157 2234 2235">
    <p class='ocr_par' dir='ltr' id='par_1_15' title="bbox 578 2157 2234 2235">
     <span class='ocr_line' id='line_1_22' title="bbox 578 2157 2234 2235; baseline 0 -13"><span class='ocrx_word' id='word_1_100' title='bbox 578 2157 894 2224; x_wconf 83' lang='lat' dir='ltr'><strong>Absolvit</strong></span> <span class='ocrx_word' id='word_1_101' title='bbox 922 2158 1164 2224; x_wconf 87' lang='lat' dir='ltr'><strong>Creten</strong></span> <span class='ocrx_word' id='word_1_102' title='bbox 1192 2165 1455 2224; x_wconf 87' lang='lat' dir='ltr'><strong>taurus:</strong></span> <span class='ocrx_word' id='word_1_103' title='bbox 1500 2158 1643 2223; x_wconf 87' lang='lat' dir='ltr'><strong>dux</strong></span> <span class='ocrx_word' id='word_1_104' title='bbox 1671 2158 1879 2223; x_wconf 88' lang='lat' dir='ltr'><strong>flebat</strong></span> <span class='ocrx_word' id='word_1_105' title='bbox 1906 2158 2234 2235; x_wconf 63' lang='lat' dir='ltr'><strong>Hiberus»,</strong></span> 
     </span>
    </p>
   </div>
   <div class='ocr_carea' id='block_1_14' title="bbox 2631 2148 2767 2217">
    <p class='ocr_par' dir='ltr' id='par_1_16' title="bbox 2631 2148 2767 2217">
     <span class='ocr_line' id='line_1_23' title="bbox 2631 2148 2767 2217; baseline 0 0"><span class='ocrx_word' id='word_1_106' title='bbox 2631 2148 2767 2217; x_wconf 76' lang='lat'><strong>120</strong></span> 
     </span>
    </p>
   </div>
   <div class='ocr_carea' id='block_1_15' title="bbox 579 2258 2435 2444">
    <p class='ocr_par' dir='ltr' id='par_1_17' title="bbox 579 2258 2435 2444">
     <span class='ocr_line' id='line_1_24' title="bbox 579 2258 2329 2355; baseline -0.006 -28"><span class='ocrx_word' id='word_1_107' title='bbox 579 2259 938 2327; x_wconf 87' lang='lat' dir='ltr'><strong>Damantis</strong></span> <span class='ocrx_word' id='word_1_108' title='bbox 968 2278 1136 2355; x_wconf 80' lang='lat' dir='ltr'><strong>quas</strong></span> <span class='ocrx_word' id='word_1_109' title='bbox 1164 2259 1388 2323; x_wconf 88' lang='lat' dir='ltr'><strong>Cacus</strong></span> <span class='ocrx_word' id='word_1_110' title='bbox 1417 2277 1584 2341; x_wconf 82' lang='lat' dir='ltr'><strong>opes</strong></span> <span class='ocrx_word' id='word_1_111' title='bbox 1615 2258 2055 2323; x_wconf 85' lang='lat' dir='ltr'><strong>absconderat</strong></span> <span class='ocrx_word' id='word_1_112' title='bbox 2084 2259 2329 2323; x_wconf 89' lang='lat' dir='ltr'><strong>antris:</strong></span> 
     </span>
     <span class='ocr_line' id='line_1_25' title="bbox 580 2358 2435 2444; baseline -0.001 -20"><span class='ocrx_word' id='word_1_113' title='bbox 580 2358 742 2425; x_wconf 86' lang='lat' dir='ltr'><strong>Non</strong></span> <span class='ocrx_word' id='word_1_114' title='bbox 771 2380 1020 2444; x_wconf 84' lang='lat' dir='ltr'><strong>angues</strong></span> <span class='ocrx_word' id='word_1_115' title='bbox 1053 2362 1289 2425; x_wconf 64' lang='lat' dir='ltr'><strong>Lerna:</strong></span> <span class='ocrx_word' id='word_1_116' title='bbox 1321 2360 1631 2438; x_wconf 88' lang='lat' dir='ltr'><strong>reduces,</strong></span> <span class='ocrx_word' id='word_1_117' title='bbox 1660 2378 1791 2424; x_wconf 89' lang='lat' dir='ltr'><strong>non</strong></span> <span class='ocrx_word' id='word_1_118' title='bbox 1821 2358 2151 2425; x_wconf 86' lang='lat' dir='ltr'><strong>Cerberus</strong></span> <span class='ocrx_word' id='word_1_119' title='bbox 2182 2361 2435 2443; x_wconf 68' lang='lat' dir='ltr'><strong>ingens»,</strong></span> 
     </span>
    </p>
   </div>
   <div class='ocr_carea' id='block_1_16' title="bbox 1490 2506 1849 2530">
    <p class='ocr_par' dir='ltr' id='par_1_18' title="bbox 1490 2506 1849 2530">
     <span class='ocr_line' id='line_1_26' title="bbox 1490 2506 1849 2530; baseline -0.006 0"><span class='ocrx_word' id='word_1_120' title='bbox 1490 2506 1849 2530; x_wconf 52' lang='lat' dir='ltr'><strong>‘nouum‘</strong></span> 
     </span>
    </p>
   </div>
   <div class='ocr_carea' id='block_1_17' title="bbox 576 2589 1423 2710">
    <p class='ocr_par' dir='ltr' id='par_1_19' title="bbox 576 2589 1423 2710">
     <span class='ocr_line' id='line_1_27' title="bbox 642 2589 1016 2640; baseline 0.008 -3"><span class='ocrx_word' id='word_1_121' title='bbox 642 2591 738 2638; x_wconf 94' lang='grc'><strong>116</strong></span> <span class='ocrx_word' id='word_1_122' title='bbox 772 2589 1016 2640; x_wconf 72' lang='lat' dir='ltr'><strong>Cunabula</strong></span> 
     </span>
     <span class='ocr_line' id='line_1_28' title="bbox 576 2653 1423 2710; baseline 0.004 -8"><span class='ocrx_word' id='word_1_123' title='bbox 576 2653 830 2710; x_wconf 72' lang='lat' dir='ltr'><strong>damnatis,</strong></span> <span class='ocrx_word' id='word_1_124' title='bbox 858 2655 1096 2706; x_wconf 83' lang='lat' dir='ltr'><strong>Dresem.</strong></span> <span class='ocrx_word' id='word_1_125' title='bbox 1152 2655 1289 2704; x_wconf 85' lang='lat' dir='ltr'><strong>Vide</strong></span> <span class='ocrx_word' id='word_1_126' title='bbox 1313 2660 1423 2705; x_wconf 87' lang='lat' dir='ltr'><strong>not.</strong></span> 
     </span>
    </p>
   </div>
   <div class='ocr_carea' id='block_1_18' title="bbox 1045 2587 2761 2655">
    <p class='ocr_par' dir='ltr' id='par_1_20' title="bbox 1045 2587 2761 2655">
     <span class='ocr_line' id='line_1_29' title="bbox 1045 2587 2761 2655; baseline -0.002 -15"><span class='ocrx_word' id='word_1_127' title='bbox 1045 2591 1253 2653; x_wconf 71' lang='lat' dir='ltr'><strong>primm</strong></span> <span class='ocrx_word' id='word_1_128' title='bbox 1289 2590 1388 2642; x_wconf 85' lang='lat' dir='ltr'><strong>Ed.</strong></span> <span class='ocrx_word' id='word_1_129' title='bbox 1427 2589 1590 2642; x_wconf 78' lang='lat' dir='ltr'><strong>Basil.</strong></span> <span class='ocrx_word' id='word_1_130' title='bbox 1628 2588 1890 2655; x_wconf 71' lang='lat' dir='ltr'><strong>Sponden.</strong></span> <span class='ocrx_word' id='word_1_131' title='bbox 1929 2595 1987 2640; x_wconf 86' lang='lat' dir='ltr'><strong>ct</strong></span> <span class='ocrx_word' id='word_1_132' title='bbox 2020 2589 2318 2639; x_wconf 66' lang='lat' dir='ltr'><strong>Mon—121</strong></span> <span class='ocrx_word' id='word_1_133' title='bbox 2357 2589 2643 2646; x_wconf 65' lang='lat' dir='ltr'><strong>cun-anm,</strong></span> <span class='ocrx_word' id='word_1_134' title='bbox 2677 2587 2761 2638; x_wconf 81' lang='lat' dir='ltr'><strong>vel</strong></span> 
     </span>
    </p>
   </div>
   <div class='ocr_carea' id='block_1_19' title="bbox 1561 2768 1775 2821">
    <p class='ocr_par' dir='ltr' id='par_1_21' title="bbox 1561 2768 1775 2821">
     <span class='ocr_line' id='line_1_30' title="bbox 1561 2768 1775 2821; baseline -0.009 0"><span class='ocrx_word' id='word_1_135' title='bbox 1561 2768 1775 2821; x_wconf 69' lang='lat' dir='ltr'><strong>80¹1·AE</strong></span> 
     </span>
    </p>
   </div>
   <div class='ocr_carea' id='block_1_20' title="bbox 641 2863 1629 2930">
    <p class='ocr_par' dir='ltr' id='par_1_22' title="bbox 641 2863 1629 2930">
     <span class='ocr_line' id='line_1_31' title="bbox 641 2863 1629 2930; baseline 0.001 -15"><span class='ocrx_word' id='word_1_136' title='bbox 641 2865 736 2915; x_wconf 85' lang='grc'>107</span> <span class='ocrx_word' id='word_1_137' title='bbox 756 2863 1187 2928; x_wconf 67' lang='grc' dir='ltr'><strong>ΰοηςιηιίηαιιιςιιε</strong></span> <span class='ocrx_word' id='word_1_138' title='bbox 1198 2865 1629 2930; x_wconf 64' lang='grc' dir='ltr'><strong>ἰεενιιιη,ίι1ἰσίισ]</strong></span> 
     </span>
    </p>
   </div>
   <div class='ocr_carea' id='block_1_21' title="bbox 1770 2863 2761 2929">
    <p class='ocr_par' dir='ltr' id='par_1_23' title="bbox 1770 2863 2761 2929">
     <span class='ocr_line' id='line_1_32' title="bbox 1770 2863 2761 2929; baseline -0.002 -15"><span class='ocrx_word' id='word_1_139' title='bbox 1770 2867 1862 2915; x_wconf 80' lang='lat'><strong>121</strong></span> <span class='ocrx_word' id='word_1_140' title='bbox 1900 2866 2159 2915; x_wconf 67' lang='lat' dir='ltr'><strong>Damnatis</strong></span> <span class='ocrx_word' id='word_1_141' title='bbox 2191 2879 2312 2929; x_wconf 73' lang='lat' dir='ltr'><strong>quus</strong></span> <span class='ocrx_word' id='word_1_142' title='bbox 2344 2864 2511 2914; x_wconf 74' lang='lat' dir='ltr'><strong>Cacus‘</strong></span> <span class='ocrx_word' id='word_1_143' title='bbox 2524 2877 2635 2927; x_wconf 73' lang='lat' dir='ltr'><strong>opes</strong></span> <span class='ocrx_word' id='word_1_144' title='bbox 2655 2863 2761 2912; x_wconf 73' lang='lat' dir='ltr'><strong>aba·</strong></span> 
     </span>
    </p>
   </div>
   <div class='ocr_carea' id='block_1_22' title="bbox 575 2937 2757 3002">
    <p class='ocr_par' dir='ltr' id='par_1_24' title="bbox 575 2937 2757 3002">
     <span class='ocr_line' id='line_1_33' title="bbox 575 2937 2757 3002; baseline -0.001 -14"><span class='ocrx_word' id='word_1_145' title='bbox 575 2939 728 2989; x_wconf 79' lang='lat' dir='ltr'><strong>More</strong></span> <span class='ocrx_word' id='word_1_146' title='bbox 764 2947 1015 2989; x_wconf 82' lang='lat' dir='ltr'><strong>veterum.</strong></span> <span class='ocrx_word' id='word_1_147' title='bbox 1091 2941 1284 2991; x_wconf 80' lang='lat' dir='ltr'><strong>Juveu.</strong></span> <span class='ocrx_word' id='word_1_148' title='bbox 1321 2941 1433 2992; x_wconf 81' lang='lat' dir='ltr'><strong>Sat.</strong></span> <span class='ocrx_word' id='word_1_149' title='bbox 1470 2955 1534 2991; x_wconf 83' lang='lat' dir='ltr'><strong>u.</strong></span> <span class='ocrx_word' id='word_1_150' title='bbox 1572 2942 1627 2990; x_wconf 89' lang='lat' dir='ltr'><strong>iu</strong></span> <span class='ocrx_word' id='word_1_151' title='bbox 1704 2943 1924 2990; x_wconf 62' lang='lat' dir='ltr'><strong>moderat</strong></span> <span class='ocrx_word' id='word_1_152' title='bbox 1946 2939 2123 3002; x_wconf 71' lang='lat' dir='ltr'><strong>antris]</strong></span> <span class='ocrx_word' id='word_1_153' title='bbox 2156 2937 2508 2991; x_wconf 81' lang='lat' dir='ltr'><strong>‘clamantes’</strong></span> <span class='ocrx_word' id='word_1_154' title='bbox 2528 2937 2757 3001; x_wconf 79' lang='lat' dir='ltr'><strong>legebam</strong></span> 
     </span>
    </p>
   </div>
   <div class='ocr_carea' id='block_1_23' title="bbox 570 3013 1631 4278">
    <p class='ocr_par' dir='ltr' id='par_1_25' title="bbox 570 3013 1631 3892">
     <span class='ocr_line' id='line_1_34' title="bbox 577 3013 1628 3079; baseline 0.001 -16"><span class='ocrx_word' id='word_1_155' title='bbox 577 3014 727 3064; x_wconf 81' lang='lat' dir='ltr'><strong>simili</strong></span> <span class='ocrx_word' id='word_1_156' title='bbox 765 3027 841 3079; x_wconf 83' lang='lat' dir='ltr'><strong>re,</strong></span> <span class='ocrx_word' id='word_1_157' title='bbox 873 3016 890 3045; x_wconf 74' lang='lat'>⁸</span> <span class='ocrx_word' id='word_1_158' title='bbox 915 3013 1410 3072; x_wconf 84' lang='lat' dir='ltr'><strong>dictum,feliciter.’</strong></span> <span class='ocrx_word' id='word_1_159' title='bbox 1475 3017 1628 3066; x_wconf 73' lang='lat' dir='ltr'><strong>Phae-</strong></span> 
     </span>
     <span class='ocr_line' id='line_1_35' title="bbox 575 3087 1627 3155; baseline 0.004 -19"><span class='ocrx_word' id='word_1_160' title='bbox 575 3087 698 3137; x_wconf 85' lang='lat' dir='ltr'><strong>drus</strong></span> <span class='ocrx_word' id='word_1_161' title='bbox 745 3101 799 3136; x_wconf 82' lang='lat' dir='ltr'><strong>v.</strong></span> <span class='ocrx_word' id='word_1_162' title='bbox 844 3089 861 3118; x_wconf 78' lang='lat'><em>⁶</em></span> <span class='ocrx_word' id='word_1_163' title='bbox 886 3089 1148 3154; x_wconf 83' lang='lat' dir='ltr'><strong>Feliciter,</strong></span> <span class='ocrx_word' id='word_1_164' title='bbox 1169 3092 1485 3140; x_wconf 78' lang='lat' dir='ltr'><strong>succlamant</strong></span> <span class='ocrx_word' id='word_1_165' title='bbox 1525 3090 1627 3155; x_wconf 83' lang='lat' dir='ltr'><strong>ipsi</strong></span> 
     </span>
     <span class='ocr_line' id='line_1_36' title="bbox 575 3161 1631 3228; baseline 0.004 -17"><span class='ocrx_word' id='word_1_166' title='bbox 575 3161 873 3226; x_wconf 68' lang='lat' dir='ltr'><strong>principe-,¹</strong></span> <span class='ocrx_word' id='word_1_167' title='bbox 945 3164 1066 3214; x_wconf 80' lang='lat' dir='ltr'><strong>Seu.</strong></span> <span class='ocrx_word' id='word_1_168' title='bbox 1107 3165 1204 3228; x_wconf 85' lang='lat' dir='ltr'><strong>Ep.</strong></span> <span class='ocrx_word' id='word_1_169' title='bbox 1245 3169 1327 3215; x_wconf 85' lang='grc'><strong>67.</strong></span> <span class='ocrx_word' id='word_1_170' title='bbox 1369 3173 1385 3196; x_wconf 82' lang='lat'>‘</span> <span class='ocrx_word' id='word_1_171' title='bbox 1406 3165 1631 3217; x_wconf 85' lang='lat' dir='ltr'><strong>feliciter</strong></span> 
     </span>
     <span class='ocr_line' id='line_1_37' title="bbox 573 3236 1629 3303; baseline 0.005 -18"><span class='ocrx_word' id='word_1_172' title='bbox 573 3237 712 3302; x_wconf 83' lang='lat' dir='ltr'><strong>quod</strong></span> <span class='ocrx_word' id='word_1_173' title='bbox 737 3236 882 3302; x_wconf 75' lang='lat' dir='ltr'><strong>agis-³</strong></span> <span class='ocrx_word' id='word_1_174' title='bbox 957 3238 1042 3288; x_wconf 79' lang='lat' dir='ltr'><strong>Ita</strong></span> <span class='ocrx_word' id='word_1_175' title='bbox 1063 3240 1114 3288; x_wconf 88' lang='lat' dir='ltr'><strong>in</strong></span> <span class='ocrx_word' id='word_1_176' title='bbox 1139 3254 1194 3288; x_wconf 92' lang='lat' dir='ltr'><strong>re</strong></span> <span class='ocrx_word' id='word_1_177' title='bbox 1217 3240 1452 3303; x_wconf 77' lang='lat' dir='ltr'><strong>adversa,</strong></span> <span class='ocrx_word' id='word_1_178' title='bbox 1472 3240 1488 3268; x_wconf 90' lang='lat'>‘</span> <span class='ocrx_word' id='word_1_179' title='bbox 1503 3241 1629 3290; x_wconf 84' lang='lat' dir='ltr'><strong>Vel·-</strong></span> 
     </span>
     <span class='ocr_line' id='line_1_38' title="bbox 573 3313 1628 3379; baseline 0.004 -17"><span class='ocrx_word' id='word_1_180' title='bbox 573 3313 674 3363; x_wconf 87' lang='lat' dir='ltr'><strong>lcm</strong></span> <span class='ocrx_word' id='word_1_181' title='bbox 697 3327 814 3378; x_wconf 74' lang='lat' dir='ltr'><strong>quie</strong></span> <span class='ocrx_word' id='word_1_182' title='bbox 838 3313 1032 3363; x_wconf 78' lang='lat' dir='ltr'><strong>velles.&#39;</strong></span> <span class='ocrx_word' id='word_1_183' title='bbox 1096 3314 1381 3379; x_wconf 84' lang='lat' dir='ltr'><strong>Horapollo</strong></span> <span class='ocrx_word' id='word_1_184' title='bbox 1412 3316 1463 3366; x_wconf 92' lang='lat' dir='ltr'><strong>iu</strong></span> <span class='ocrx_word' id='word_1_185' title='bbox 1499 3331 1628 3379; x_wconf 83' lang='lat' dir='ltr'><strong>nup·</strong></span> 
     </span>
     <span class='ocr_line' id='line_1_39' title="bbox 574 3388 1627 3452; baseline 0.007 -14"><span class='ocrx_word' id='word_1_186' title='bbox 574 3389 659 3438; x_wconf 78' lang='lat' dir='ltr'><strong>tiis</strong></span> <span class='ocrx_word' id='word_1_187' title='bbox 705 3403 737 3438; x_wconf 82' lang='grc' dir='ltr'>ι</span> <span class='ocrx_word' id='word_1_188' title='bbox 780 3388 982 3439; x_wconf 67' lang='lat' dir='ltr'><strong>Grecis</strong></span> <span class='ocrx_word' id='word_1_189' title='bbox 1035 3391 1373 3443; x_wconf 80' lang='lat' dir='ltr'><strong>acclamatum</strong></span> <span class='ocrx_word' id='word_1_190' title='bbox 1427 3395 1627 3452; x_wconf 83' lang='lat' dir='ltr'><strong>scribit.</strong></span> 
     </span>
     <span class='ocr_line' id='line_1_40' title="bbox 573 3461 1628 3528; baseline 0.004 -14"><span class='ocrx_word' id='word_1_191' title='bbox 573 3462 748 3527; x_wconf 60' lang='lat' dir='ltr'><strong>except,</strong></span> <span class='ocrx_word' id='word_1_192' title='bbox 771 3461 894 3528; x_wconf 73' lang='grc' dir='ltr'><strong><em>κορὶ,</em></strong></span> <span class='ocrx_word' id='word_1_193' title='bbox 913 3461 1134 3528; x_wconf 68' lang='grc' dir='ltr'><strong><em>κορύνην,</em></strong></span> <span class='ocrx_word' id='word_1_194' title='bbox 1164 3477 1203 3516; x_wconf 83' lang='grc'>1.</span> <span class='ocrx_word' id='word_1_195' title='bbox 1227 3468 1277 3517; x_wconf 83' lang='grc'><strong>8.</strong></span> <span class='ocrx_word' id='word_1_196' title='bbox 1341 3467 1477 3517; x_wconf 80' lang='lat' dir='ltr'><strong>vide</strong></span> <span class='ocrx_word' id='word_1_197' title='bbox 1497 3467 1628 3518; x_wconf 82' lang='lat' dir='ltr'><strong>inibi</strong></span> 
     </span>
     <span class='ocr_line' id='line_1_41' title="bbox 573 3539 1627 3592; baseline 0.005 -4"><span class='ocrx_word' id='word_1_198' title='bbox 573 3539 870 3589; x_wconf 78' lang='lat' dir='ltr'><strong>Mercerum</strong></span> <span class='ocrx_word' id='word_1_199' title='bbox 889 3542 1003 3589; x_wconf 75' lang='grc'>186.</span> <span class='ocrx_word' id='word_1_200' title='bbox 1038 3540 1117 3589; x_wconf 86' lang='lat' dir='ltr'><strong>De</strong></span> <span class='ocrx_word' id='word_1_201' title='bbox 1135 3539 1353 3591; x_wconf 78' lang='lat' dir='ltr'><strong>formula</strong></span> <span class='ocrx_word' id='word_1_202' title='bbox 1370 3557 1494 3592; x_wconf 81' lang='lat' dir='ltr'><strong>vero</strong></span> <span class='ocrx_word' id='word_1_203' title='bbox 1516 3543 1533 3572; x_wconf 86' lang='lat'>‘</span> <span class='ocrx_word' id='word_1_204' title='bbox 1548 3542 1627 3592; x_wconf 86' lang='lat' dir='ltr'><strong>fe·</strong></span> 
     </span>
     <span class='ocr_line' id='line_1_42' title="bbox 571 3609 1624 3669; baseline 0.007 -7"><span class='ocrx_word' id='word_1_205' title='bbox 571 3609 775 3664; x_wconf 84' lang='lat' dir='ltr'><strong>liciter&#39;</strong></span> <span class='ocrx_word' id='word_1_206' title='bbox 815 3611 1044 3663; x_wconf 78' lang='lat' dir='ltr'><strong>Brisson.</strong></span> <span class='ocrx_word' id='word_1_207' title='bbox 1077 3627 1203 3666; x_wconf 82' lang='lat' dir='ltr'><strong>vm.</strong></span> <span class='ocrx_word' id='word_1_208' title='bbox 1241 3617 1438 3669; x_wconf 76' lang='lat' dir='ltr'><strong>Mutet.</strong></span> <span class='ocrx_word' id='word_1_209' title='bbox 1470 3629 1551 3668; x_wconf 80' lang='lat' dir='ltr'><strong>xx.</strong></span> <span class='ocrx_word' id='word_1_210' title='bbox 1574 3623 1624 3669; x_wconf 88' lang='grc'><strong>8.</strong></span> 
     </span>
     <span class='ocr_line' id='line_1_43' title="bbox 570 3691 1625 3747; baseline 0.005 -5"><span class='ocrx_word' id='word_1_211' title='bbox 570 3691 802 3743; x_wconf 82' lang='lat' dir='ltr'><strong>Turueb.</strong></span> <span class='ocrx_word' id='word_1_212' title='bbox 826 3705 921 3743; x_wconf 80' lang='lat' dir='ltr'><strong>xv.</strong></span> <span class='ocrx_word' id='word_1_213' title='bbox 949 3696 1030 3743; x_wconf 87' lang='grc'>17.</span> <span class='ocrx_word' id='word_1_214' title='bbox 1065 3693 1360 3744; x_wconf 81' lang='lat' dir='ltr'><strong>Guntlierus</strong></span> <span class='ocrx_word' id='word_1_215' title='bbox 1383 3709 1462 3745; x_wconf 74' lang='grc' dir='ltr'><strong>ιν.</strong></span> <span class='ocrx_word' id='word_1_216' title='bbox 1485 3697 1501 3725; x_wconf 89' lang='lat'>‘</span> <span class='ocrx_word' id='word_1_217' title='bbox 1520 3695 1625 3747; x_wconf 87' lang='lat' dir='ltr'><strong>Ac·</strong></span> 
     </span>
     <span class='ocr_line' id='line_1_44' title="bbox 573 3765 1627 3821; baseline 0.005 -5"><span class='ocrx_word' id='word_1_218' title='bbox 573 3768 832 3818; x_wconf 82' lang='lat' dir='ltr'><strong>clamante</strong></span> <span class='ocrx_word' id='word_1_219' title='bbox 879 3767 988 3818; x_wconf 81' lang='lat' dir='ltr'><strong>viro</strong></span> <span class='ocrx_word' id='word_1_220' title='bbox 1031 3765 1258 3818; x_wconf 81' lang='lat' dir='ltr'><strong>faustum</strong></span> <span class='ocrx_word' id='word_1_221' title='bbox 1302 3768 1531 3819; x_wconf 84' lang='lat' dir='ltr'><strong>feliciter</strong></span> <span class='ocrx_word' id='word_1_222' title='bbox 1570 3784 1627 3821; x_wconf 89' lang='grc' dir='ltr'><strong>ο-</strong></span> 
     </span>
     <span class='ocr_line' id='line_1_45' title="bbox 573 3841 733 3892; baseline 0 0"><span class='ocrx_word' id='word_1_223' title='bbox 573 3841 733 3892; x_wconf 61' lang='lat' dir='ltr'><strong>men!</strong></span> 
     </span>
    </p>

    <p class='ocr_par' dir='ltr' id='par_1_26' title="bbox 571 3917 1630 4278">
     <span class='ocr_line' id='line_1_46' title="bbox 639 3917 1630 3982; baseline 0.004 -16"><span class='ocrx_word' id='word_1_224' title='bbox 639 3919 735 3967; x_wconf 89' lang='grc'><strong>116</strong></span> <span class='ocrx_word' id='word_1_225' title='bbox 773 3919 1004 3970; x_wconf 67' lang='lat' dir='ltr'><strong>Redolent</strong></span> <span class='ocrx_word' id='word_1_226' title='bbox 1045 3917 1274 3968; x_wconf 70' lang='lat' dir='ltr'><strong>cunabula</strong></span> <span class='ocrx_word' id='word_1_227' title='bbox 1326 3917 1484 3982; x_wconf 76' lang='lat' dir='ltr'><strong>prima</strong></span> <span class='ocrx_word' id='word_1_228' title='bbox 1530 3919 1630 3970; x_wconf 69' lang='lat' dir='ltr'><strong>Vix</strong></span> 
     </span>
     <span class='ocr_line' id='line_1_47' title="bbox 573 3994 1627 4059; baseline 0.005 -18"><span class='ocrx_word' id='word_1_229' title='bbox 573 3998 692 4042; x_wconf 63' lang='grc' dir='ltr'><strong>οντα</strong></span> <span class='ocrx_word' id='word_1_230' title='bbox 705 3994 899 4044; x_wconf 71' lang='lat' dir='ltr'><strong>virtutis</strong></span> <span class='ocrx_word' id='word_1_231' title='bbox 914 3995 1052 4059; x_wconf 73' lang='lat' dir='ltr'><strong>opus]</strong></span> <span class='ocrx_word' id='word_1_232' title='bbox 1087 3994 1261 4046; x_wconf 76' lang='lat' dir='ltr'><strong>Antea</strong></span> <span class='ocrx_word' id='word_1_233' title='bbox 1277 4007 1317 4044; x_wconf 82' lang='lat'><strong>1.</strong></span> <span class='ocrx_word' id='word_1_234' title='bbox 1338 3996 1354 4024; x_wconf 86' lang='lat'>‘</span> <span class='ocrx_word' id='word_1_235' title='bbox 1372 3996 1627 4046; x_wconf 77' lang='lat' dir='ltr'><strong>Caelestes</strong></span> 
     </span>
     <span class='ocr_line' id='line_1_48' title="bbox 573 4067 1625 4136; baseline 0.006 -20"><span class='ocrx_word' id='word_1_236' title='bbox 573 4067 725 4118; x_wconf 87' lang='lat' dir='ltr'><strong>docui</strong></span> <span class='ocrx_word' id='word_1_237' title='bbox 758 4083 958 4120; x_wconf 87' lang='lat' dir='ltr'><strong>mecum</strong></span> <span class='ocrx_word' id='word_1_238' title='bbox 992 4071 1166 4136; x_wconf 75' lang='lat' dir='ltr'><strong>vagire</strong></span> <span class='ocrx_word' id='word_1_239' title='bbox 1190 4071 1491 4122; x_wconf 65' lang='lat' dir='ltr'><strong>Dracones!</strong></span> <span class='ocrx_word' id='word_1_240' title='bbox 1552 4072 1625 4122; x_wconf 85' lang='lat' dir='ltr'><strong>A·</strong></span> 
     </span>
     <span class='ocr_line' id='line_1_49' title="bbox 573 4141 1624 4212; baseline 0.01 -23"><span class='ocrx_word' id='word_1_241' title='bbox 573 4141 769 4205; x_wconf 79' lang='lat' dir='ltr'><strong>pollod.</strong></span> <span class='ocrx_word' id='word_1_242' title='bbox 786 4156 848 4193; x_wconf 85' lang='lat' dir='ltr'><strong>n.</strong></span> <span class='ocrx_word' id='word_1_243' title='bbox 871 4144 1043 4195; x_wconf 80' lang='lat' dir='ltr'><strong>Plaut.</strong></span> <span class='ocrx_word' id='word_1_244' title='bbox 1065 4145 1115 4196; x_wconf 92' lang='lat' dir='ltr'><strong>iu</strong></span> <span class='ocrx_word' id='word_1_245' title='bbox 1133 4145 1362 4212; x_wconf 75' lang='lat' dir='ltr'><strong>Amplnit.</strong></span> <span class='ocrx_word' id='word_1_246' title='bbox 1385 4145 1624 4212; x_wconf 74' lang='lat' dir='ltr'><strong>Hyginus</strong></span> 
     </span>
     <span class='ocr_line' id='line_1_50' title="bbox 571 4215 1000 4278; baseline 0.009 -11"><span class='ocrx_word' id='word_1_247' title='bbox 571 4216 627 4278; x_wconf 79' lang='lat' dir='ltr'><strong>in</strong></span> <span class='ocrx_word' id='word_1_248' title='bbox 654 4215 898 4278; x_wconf 84' lang='lat' dir='ltr'><strong>Hercule,</strong></span> <span class='ocrx_word' id='word_1_249' title='bbox 920 4224 1000 4271; x_wconf 73' lang='lat'><strong>8⁰.</strong></span> 
     </span>
    </p>
   </div>
   <div class='ocr_carea' id='block_1_24' title="bbox 1703 3013 2769 4290">
    <p class='ocr_par' dir='ltr' id='par_1_27' title="bbox 1706 3013 2769 3233">
     <span class='ocr_line' id='line_1_51' title="bbox 1706 3013 2769 3080; baseline -0.005 -14"><span class='ocrx_word' id='word_1_250' title='bbox 1706 3019 1721 3046; x_wconf 88' lang='lat'>‘</span> <span class='ocrx_word' id='word_1_251' title='bbox 1744 3015 1905 3080; x_wconf 47' lang='lat' dir='ltr'><strong>oper?</strong></span> <span class='ocrx_word' id='word_1_252' title='bbox 1939 3017 2005 3066; x_wconf 90' lang='lat' dir='ltr'><strong>de</strong></span> <span class='ocrx_word' id='word_1_253' title='bbox 2028 3016 2189 3066; x_wconf 81' lang='lat' dir='ltr'><strong>bobus</strong></span> <span class='ocrx_word' id='word_1_254' title='bbox 2210 3014 2557 3078; x_wconf 77' lang='lat' dir='ltr'><strong>mugientibus</strong></span> <span class='ocrx_word' id='word_1_255' title='bbox 2571 3013 2769 3064; x_wconf 81' lang='lat' dir='ltr'><strong>intelli·</strong></span> 
     </span>
     <span class='ocr_line' id='line_1_52' title="bbox 1707 3089 2760 3157; baseline -0.004 -14"><span class='ocrx_word' id='word_1_256' title='bbox 1707 3107 1832 3157; x_wconf 71' lang='lat' dir='ltr'><strong>gens</strong></span> <span class='ocrx_word' id='word_1_257' title='bbox 1858 3109 1873 3142; x_wconf 89' lang='lat'><strong>:</strong></span> <span class='ocrx_word' id='word_1_258' title='bbox 1928 3093 2125 3143; x_wconf 82' lang='lat' dir='ltr'><strong>rectius</strong></span> <span class='ocrx_word' id='word_1_259' title='bbox 2160 3091 2387 3143; x_wconf 83' lang='lat' dir='ltr'><strong>fortasse</strong></span> <span class='ocrx_word' id='word_1_260' title='bbox 2417 3092 2434 3121; x_wconf 79' lang='lat'>⁸</span> <span class='ocrx_word' id='word_1_261' title='bbox 2457 3089 2760 3141; x_wconf 67' lang='lat' dir='ltr'><strong>Damnatis.²</strong></span> 
     </span>
     <span class='ocr_line' id='line_1_53' title="bbox 1708 3168 2632 3233; baseline -0.001 -14"><span class='ocrx_word' id='word_1_262' title='bbox 1708 3169 2029 3220; x_wconf 74' lang='lat' dir='ltr'><strong>Abscondemt</strong></span> <span class='ocrx_word' id='word_1_263' title='bbox 2052 3169 2228 3233; x_wconf 72' lang='lat' dir='ltr'><strong>antris]</strong></span> <span class='ocrx_word' id='word_1_264' title='bbox 2261 3168 2396 3218; x_wconf 85' lang='lat' dir='ltr'><strong>Vide</strong></span> <span class='ocrx_word' id='word_1_265' title='bbox 2421 3181 2495 3218; x_wconf 78' lang='lat' dir='ltr'><strong>vr.</strong></span> <span class='ocrx_word' id='word_1_266' title='bbox 2516 3171 2632 3218; x_wconf 76' lang='lat'><strong>8⁷⁰.</strong></span> 
     </span>
    </p>

    <p class='ocr_par' dir='ltr' id='par_1_28' title="bbox 1703 3243 2763 4290">
     <span class='ocr_line' id='line_1_54' title="bbox 1773 3243 2759 3308; baseline -0.005 -12"><span class='ocrx_word' id='word_1_267' title='bbox 1773 3249 1868 3296; x_wconf 78' lang='lat'><strong>122</strong></span> <span class='ocrx_word' id='word_1_268' title='bbox 1893 3247 2004 3296; x_wconf 72' lang='lat' dir='ltr'><strong>Non</strong></span> <span class='ocrx_word' id='word_1_269' title='bbox 2017 3261 2194 3308; x_wconf 65' lang='lat' dir='ltr'><strong>ungues</strong></span> <span class='ocrx_word' id='word_1_270' title='bbox 2210 3245 2377 3294; x_wconf 73' lang='lat' dir='ltr'><strong>Lem</strong></span> <span class='ocrx_word' id='word_1_271' title='bbox 2390 3243 2603 3306; x_wconf 75' lang='lat' dir='ltr'><strong>reduces]</strong></span> <span class='ocrx_word' id='word_1_272' title='bbox 2623 3244 2759 3292; x_wconf 74' lang='grc' dir='ltr'><strong>Ἀνα-</strong></span> 
     </span>
     <span class='ocr_line' id='line_1_55' title="bbox 1709 3317 2762 3384; baseline -0.006 -13"><span class='ocrx_word' id='word_1_273' title='bbox 1709 3319 1984 3384; x_wconf 77' lang='grc' dir='ltr'><strong><em>φυομένους,</em></strong></span> <span class='ocrx_word' id='word_1_274' title='bbox 2003 3317 2411 3380; x_wconf 58' lang='lat' dir='ltr'><strong>*tv-mmmm,</strong></span> <span class='ocrx_word' id='word_1_275' title='bbox 2426 3323 2484 3368; x_wconf 79' lang='lat' dir='ltr'><strong>ut</strong></span> <span class='ocrx_word' id='word_1_276' title='bbox 2503 3318 2576 3367; x_wconf 75' lang='lat' dir='ltr'><strong>ait</strong></span> <span class='ocrx_word' id='word_1_277' title='bbox 2601 3317 2762 3381; x_wconf 77' lang='lat' dir='ltr'><strong>Apol·</strong></span> 
     </span>
     <span class='ocr_line' id='line_1_56' title="bbox 1709 3393 2759 3447; baseline -0.005 -1"><span class='ocrx_word' id='word_1_278' title='bbox 1709 3397 1813 3447; x_wconf 86' lang='lat' dir='ltr'><strong>lod.</strong></span> <span class='ocrx_word' id='word_1_279' title='bbox 1836 3397 1927 3445; x_wconf 86' lang='lat' dir='ltr'><strong>lib.</strong></span> <span class='ocrx_word' id='word_1_280' title='bbox 1946 3409 2008 3447; x_wconf 83' lang='lat'><strong>11.</strong></span> <span class='ocrx_word' id='word_1_281' title='bbox 2029 3395 2187 3446; x_wconf 79' lang='lat' dir='ltr'><strong>Ovid.</strong></span> <span class='ocrx_word' id='word_1_282' title='bbox 2211 3394 2228 3423; x_wconf 88' lang='lat'>‘</span> <span class='ocrx_word' id='word_1_283' title='bbox 2246 3394 2550 3444; x_wconf 76' lang='lat' dir='ltr'><strong>Vulneribus</strong></span> <span class='ocrx_word' id='word_1_284' title='bbox 2562 3393 2759 3442; x_wconf 82' lang='lat' dir='ltr'><strong>foecuu·</strong></span> 
     </span>
     <span class='ocr_line' id='line_1_57' title="bbox 1708 3465 2759 3520; baseline -0.004 -1"><span class='ocrx_word' id='word_1_285' title='bbox 1708 3470 1775 3520; x_wconf 85' lang='lat' dir='ltr'><strong>da</strong></span> <span class='ocrx_word' id='word_1_286' title='bbox 1795 3471 1899 3520; x_wconf 84' lang='lat' dir='ltr'><strong>suis</strong></span> <span class='ocrx_word' id='word_1_287' title='bbox 1920 3481 2032 3520; x_wconf 78' lang='lat' dir='ltr'><strong>erat</strong></span> <span class='ocrx_word' id='word_1_288' title='bbox 2053 3469 2176 3519; x_wconf 86' lang='lat' dir='ltr'><strong>illa.’</strong></span> <span class='ocrx_word' id='word_1_289' title='bbox 2220 3470 2357 3520; x_wconf 85' lang='lat' dir='ltr'><strong>Item</strong></span> <span class='ocrx_word' id='word_1_290' title='bbox 2372 3484 2439 3520; x_wconf 82' lang='lat' dir='ltr'><strong>ex</strong></span> <span class='ocrx_word' id='word_1_291' title='bbox 2453 3467 2629 3518; x_wconf 78' lang='lat' dir='ltr'><strong>eadem</strong></span> <span class='ocrx_word' id='word_1_292' title='bbox 2650 3465 2759 3516; x_wconf 85' lang='lat' dir='ltr'><strong>for·</strong></span> 
     </span>
     <span class='ocr_line' id='line_1_58' title="bbox 1706 3536 2761 3609; baseline -0.006 -13"><span class='ocrx_word' id='word_1_293' title='bbox 1706 3560 1860 3606; x_wconf 76' lang='lat' dir='ltr'><strong>nuce,</strong></span> <span class='ocrx_word' id='word_1_294' title='bbox 1894 3547 1909 3574; x_wconf 88' lang='lat'>‘</span> <span class='ocrx_word' id='word_1_295' title='bbox 1927 3547 2360 3609; x_wconf 80' lang='lat' dir='ltr'><strong>crescentemque</strong></span> <span class='ocrx_word' id='word_1_296' title='bbox 2390 3545 2525 3594; x_wconf 82' lang='lat' dir='ltr'><strong>malo</strong></span> <span class='ocrx_word' id='word_1_297' title='bbox 2547 3536 2761 3604; x_wconf 61' lang='lat' dir='ltr'><strong>domui:</strong></span> 
     </span>
     <span class='ocr_line' id='line_1_59' title="bbox 1706 3617 2763 3682; baseline -0.003 -12"><span class='ocrx_word' id='word_1_298' title='bbox 1706 3635 1790 3672; x_wconf 83' lang='lat' dir='ltr'><strong>rx.</strong></span> <span class='ocrx_word' id='word_1_299' title='bbox 1824 3622 1961 3672; x_wconf 88' lang='lat' dir='ltr'><strong>Met.</strong></span> <span class='ocrx_word' id='word_1_300' title='bbox 2006 3621 2204 3671; x_wconf 83' lang='lat' dir='ltr'><strong>Eodem</strong></span> <span class='ocrx_word' id='word_1_301' title='bbox 2238 3620 2389 3682; x_wconf 88' lang='lat' dir='ltr'><strong>libro,</strong></span> <span class='ocrx_word' id='word_1_302' title='bbox 2421 3619 2543 3670; x_wconf 84' lang='lat' dir='ltr'><strong>‘uec</strong></span> <span class='ocrx_word' id='word_1_303' title='bbox 2565 3617 2763 3682; x_wconf 82' lang='lat' dir='ltr'><strong>profuit</strong></span> 
     </span>
     <span class='ocr_line' id='line_1_60' title="bbox 1704 3692 2758 3759; baseline -0.001 -16"><span class='ocrx_word' id='word_1_304' title='bbox 1704 3694 1881 3758; x_wconf 62' lang='lat' dir='ltr'><strong>hydra:</strong></span> <span class='ocrx_word' id='word_1_305' title='bbox 1915 3696 2167 3746; x_wconf 88' lang='lat' dir='ltr'><strong>Crescere</strong></span> <span class='ocrx_word' id='word_1_306' title='bbox 2202 3710 2294 3759; x_wconf 86' lang='lat' dir='ltr'><strong>per</strong></span> <span class='ocrx_word' id='word_1_307' title='bbox 2315 3692 2591 3744; x_wconf 62' lang='lat' dir='ltr'><strong>damnum!</strong></span> <span class='ocrx_word' id='word_1_308' title='bbox 2652 3692 2758 3742; x_wconf 85' lang='lat' dir='ltr'><strong>Mi·</strong></span> 
     </span>
     <span class='ocr_line' id='line_1_61' title="bbox 1705 3771 2756 3836; baseline 0 -16"><span class='ocrx_word' id='word_1_309' title='bbox 1705 3772 1879 3820; x_wconf 81' lang='lat' dir='ltr'><strong>nutius</strong></span> <span class='ocrx_word' id='word_1_310' title='bbox 1901 3772 2048 3821; x_wconf 82' lang='lat' dir='ltr'><strong>Felix</strong></span> <span class='ocrx_word' id='word_1_311' title='bbox 2081 3772 2132 3820; x_wconf 88' lang='lat' dir='ltr'><strong>iu</strong></span> <span class='ocrx_word' id='word_1_312' title='bbox 2157 3771 2399 3833; x_wconf 79' lang='lat' dir='ltr'><strong>Octavio,</strong></span> <span class='ocrx_word' id='word_1_313' title='bbox 2431 3771 2448 3798; x_wconf 90' lang='lat'>‘</span> <span class='ocrx_word' id='word_1_314' title='bbox 2465 3778 2519 3822; x_wconf 86' lang='lat' dir='ltr'><strong>et</strong></span> <span class='ocrx_word' id='word_1_315' title='bbox 2540 3771 2756 3836; x_wconf 81' lang='lat' dir='ltr'><strong>hydram</strong></span> 
     </span>
     <span class='ocr_line' id='line_1_62' title="bbox 1705 3845 2760 3899; baseline 0.003 -4"><span class='ocrx_word' id='word_1_316' title='bbox 1705 3845 1943 3897; x_wconf 83' lang='lat' dir='ltr'><strong>felicibus</strong></span> <span class='ocrx_word' id='word_1_317' title='bbox 2011 3849 2300 3899; x_wconf 75' lang='lat' dir='ltr'><strong>vulneribus</strong></span> <span class='ocrx_word' id='word_1_318' title='bbox 2368 3847 2760 3898; x_wconf 56' lang='lat' dir='ltr'><strong>renascentem?</strong></span> 
     </span>
     <span class='ocr_line' id='line_1_63' title="bbox 1706 3922 2757 3986; baseline -0.001 -14"><span class='ocrx_word' id='word_1_319' title='bbox 1706 3922 1843 3972; x_wconf 84' lang='lat' dir='ltr'><strong>Vide</strong></span> <span class='ocrx_word' id='word_1_320' title='bbox 1896 3923 2054 3973; x_wconf 87' lang='lat' dir='ltr'><strong>etiam</strong></span> <span class='ocrx_word' id='word_1_321' title='bbox 2108 3923 2357 3974; x_wconf 78' lang='lat' dir='ltr'><strong>Nasiaus.</strong></span> <span class='ocrx_word' id='word_1_322' title='bbox 2416 3923 2589 3986; x_wconf 82' lang='lat' dir='ltr'><strong>Epist.</strong></span> <span class='ocrx_word' id='word_1_323' title='bbox 2644 3925 2757 3971; x_wconf 73' lang='grc'>127.</span> 
     </span>
     <span class='ocr_line' id='line_1_64' title="bbox 1707 3995 2761 4062; baseline -0.003 -14"><span class='ocrx_word' id='word_1_324' title='bbox 1707 3998 1867 4049; x_wconf 81' lang='lat' dir='ltr'><strong>ovid.</strong></span> <span class='ocrx_word' id='word_1_325' title='bbox 1904 3998 1955 4048; x_wconf 81' lang='lat' dir='ltr'><strong>d.</strong></span> <span class='ocrx_word' id='word_1_326' title='bbox 1987 3999 2022 4051; x_wconf 88' lang='lat' dir='ltr'><strong>l.</strong></span> <span class='ocrx_word' id='word_1_327' title='bbox 2058 4007 2263 4049; x_wconf 78' lang='lat' dir='ltr'><strong>centum</strong></span> <span class='ocrx_word' id='word_1_328' title='bbox 2296 3998 2368 4047; x_wconf 88' lang='lat' dir='ltr'><strong>illi</strong></span> <span class='ocrx_word' id='word_1_329' title='bbox 2403 3997 2575 4062; x_wconf 82' lang='lat' dir='ltr'><strong>cupita</strong></span> <span class='ocrx_word' id='word_1_330' title='bbox 2596 3995 2761 4047; x_wconf 81' lang='lat' dir='ltr'><strong>dedit.</strong></span> 
     </span>
     <span class='ocr_line' id='line_1_65' title="bbox 1705 4069 2759 4136; baseline -0.002 -14"><span class='ocrx_word' id='word_1_331' title='bbox 1705 4073 1949 4136; x_wconf 86' lang='lat' dir='ltr'><strong>Apollod.</strong></span> <span class='ocrx_word' id='word_1_332' title='bbox 1973 4080 2092 4124; x_wconf 90' lang='lat' dir='ltr'><strong>octo</strong></span> <span class='ocrx_word' id='word_1_333' title='bbox 2116 4073 2371 4134; x_wconf 81' lang='lat' dir='ltr'><strong>mortalia,</strong></span> <span class='ocrx_word' id='word_1_334' title='bbox 2406 4087 2563 4122; x_wconf 89' lang='lat' dir='ltr'><strong>unum</strong></span> <span class='ocrx_word' id='word_1_335' title='bbox 2585 4069 2759 4122; x_wconf 64' lang='lat' dir='ltr'><strong>ma.</strong></span> 
     </span>
     <span class='ocr_line' id='line_1_66' title="bbox 1703 4145 2759 4216; baseline 0.003 -21"><span class='ocrx_word' id='word_1_336' title='bbox 1703 4162 1807 4198; x_wconf 75' lang='grc' dir='ltr'><strong>τον.</strong></span> <span class='ocrx_word' id='word_1_337' title='bbox 1859 4148 1940 4198; x_wconf 87' lang='lat' dir='ltr'><strong>De</strong></span> <span class='ocrx_word' id='word_1_338' title='bbox 1958 4147 2069 4216; x_wconf 71' lang='grc' dir='ltr'><strong>ὕδρᾳ</strong></span> <span class='ocrx_word' id='word_1_339' title='bbox 2090 4145 2341 4214; x_wconf 66' lang='grc' dir='ltr'><strong><em>σοφιστρίᾳ</em></strong></span> <span class='ocrx_word' id='word_1_340' title='bbox 2373 4147 2531 4200; x_wconf 73' lang='lat' dir='ltr'><strong>Plato</strong></span> <span class='ocrx_word' id='word_1_341' title='bbox 2568 4149 2622 4199; x_wconf 81' lang='lat' dir='ltr'><strong>iu</strong></span> <span class='ocrx_word' id='word_1_342' title='bbox 2652 4148 2759 4202; x_wconf 77' lang='lat' dir='ltr'><strong>Eu·</strong></span> 
     </span>
     <span class='ocr_line' id='line_1_67' title="bbox 1703 4223 1963 4290; baseline 0.012 -16"><span class='ocrx_word' id='word_1_343' title='bbox 1703 4223 1963 4290; x_wconf 80' lang='lat' dir='ltr'><strong>thydemo.</strong></span> 
     </span>
    </p>
   </div>
  </div>
 </body>
</html>
