3173 4957
558 377 690 448 353
1369 395 1474 442 an
1521 391 1945 441 nncronnu.

561 558 698 603 non
723 538 1020 616 diffiteor,
1048 536 1232 602 illius
1251 535 1771 602 auxilioPoetae
1798 536 2105 620 patriam,
2132 553 2381 600 nomen
2401 540 2468 600 et
2492 537 2742 620 ingeni-

562 661 678 706 um
703 641 988 704 restitui.

647 743 696 808 J
697 741 990 825 osephus
1015 743 1240 824 itaque
1269 739 1583 817 IscannS,
1616 746 1777 822 post
1807 740 1906 803 tot
1932 740 2183 804 saecula
2210 745 2279 804 et
2306 740 2594 822 ingenia,
2626 762 2745 806 au·

565 862 684 910 sus
725 845 817 908 ob
849 843 1143 926 Trojam,
1175 847 1245 906 ut
1274 840 1560 906 Plautus
1589 840 1902 924 loquitur,
1934 844 2295 905 exercitum
2325 841 2597 920 ducere,
2632 844 2745 926 ju-

563 947 862 1011 ventutis
905 945 1058 1010 illas
1087 943 1326 1019 minaS,
1373 947 1445 1006 ut
1481 941 1753 1024 quidem
1790 961 1944 1006 mea
1982 943 2213 1026 opinio
2238 949 2365 1022 est,
2396 944 2748 1026 splendide

565 1049 872 1113 exeruit:
935 1048 1243 1130 viamque
1285 1045 1422 1110 illis
1469 1045 1558 1110 ad
1599 1045 1844 1109 famam
1894 1046 2227 1127 quaesivit.
2316 1044 2511 1130 Opus
2552 1065 2745 1110 suum
2786 1045 2815 1068 ⁹

565 1150 843 1215 Thomae
887 1147 1352 1214 Cantuariensi
1396 1147 1763 1231 Episcopo.
1796 1152 1864 1212 et
1905 1147 2210 1214 Henrico
2245 1164 2325 1211 n.
2377 1149 2745 1231 inscripsit,

566 1251 865 1316 Thomas
895 1270 1057 1316 vero
1078 1249 1468 1334 Episcopen
1495 1251 1681 1314 illam
1704 1251 1874 1315 adiit
1902 1249 2103 1314 Anno
2136 1267 2253 1316 cm
2274 1266 2515 1314 chn.
2543 1250 2747 1314 inter-

566 1353 780 1418 fectus
810 1372 982 1418 anno
1015 1369 1134 1417 clo
1161 1367 1400 1417 ccxx.
1435 1353 1546 1418 vel
1575 1355 1899 1437 sequenti,
1926 1359 2001 1417 ut
2040 1352 2381 1435 Sylvester
2410 1351 2748 1436 Gyraldus

567 1453 678 1520 20.
721 1456 993 1520 scribit:
1044 1474 1134 1519 ex
1181 1474 1316 1539 quo
1364 1456 1591 1538 liquet,
1636 1456 1831 1520 istius
1862 1454 2159 1520 octennii
2187 1473 2365 1518 anno
2392 1454 2642 1537 aliquo,
2668 1453 2749 1516 li·

565 1558 721 1621 bros
750 1555 873 1621 hos
900 1557 1303 1640 publicatos.
1388 1555 1840 1620 Antiocheida
1868 1557 2076 1620 etiam
2106 1555 2472 1619 adornasse
2486 1553 2749 1630 dicitur,

569 1678 655 1722 ex
684 1676 822 1741 qua
851 1676 1080 1722 versus
1107 1659 1318 1723 habes
1345 1659 1414 1722 in
1447 1657 1651 1722 Notis
1690 1658 1778 1722 ad
1819 1655 2018 1723 finem
2051 1674 2129 1721 11.
2196 1656 2625 1722 Gambdenus
2656 1657 2752 1720 ait

570 1759 658 1824 ad
689 1757 1061 1824 Hubertum
1092 1758 1699 1846 Archiepiscopum
1729 1760 2296 1838 Cantuariensem,
2325 1758 2637 1841 quaedam
2670 1758 2753 1820 il-

567 1862 705 1924 lum
735 1861 1023 1939 misisse,
1052 1869 1124 1925 et
1147 1862 1458 1952 floruisse
1480 1863 1682 1928 Anno
1704 1880 1825 1928 010
1847 1879 2175 1927 ccxxln.
2196 1881 2351 1945 quae
2375 1861 2434 1924 si
2453 1860 2587 1924 fide
2610 1861 2752 1923 veri

566 1961 770 2037 dic-ta,
798 1961 1024 2026 forsan
1053 1965 1565 2045 septuagenario
1594 1964 1831 2047 major·
1855 1966 2188 2030 excessit:
2236 1963 2356 2027 sed
2400 1961 2548 2026 haec
2577 1959 2751 2044 ἀπᾶρι

571 2068 714 2147 ρητα
739 2059 970 2142 ἀμείνω.
1061 2061 1218 2126 Non
1257 2063 1490 2129 dubito
1535 2072 1763 2128 autem
1816 2066 2137 2148 plurimos
2181 2065 2457 2141 futuros,
2506 2064 2752 2148 quibus

569 2163 936 2228 laureolam
965 2164 1033 2226 in
1061 2169 1402 2228 mustaceo
1432 2165 1831 2248 quaesivisse
1860 2166 2225 2232 videbitur:
2255 2167 2374 2250 qui
2394 2165 2610 2230 ferula
2636 2165 2753 2248 hy-

571 2265 924 2348 percritica
944 2265 1214 2330 omnino
1243 2266 1433 2330 illum
1465 2265 1816 2348 abjicient:
1835 2266 1980 2349 jam
2006 2275 2143 2333 tum
2166 2268 2341 2332 enim
2358 2285 2553 2347 aures
2570 2285 2753 2330 meas

573 2369 709 2432 ista
738 2375 1114 2452 personant.
1205 2366 1599 2431 Orationem
1628 2367 1811 2430 illius
1850 2367 2055 2432 instar
2096 2369 2333 2433 attritae
2375 2376 2445 2433 et
2491 2368 2753 2432 decotis

582 2475 756 2553 togae
791 2468 1240 2553 proletarium,
1270 2467 1450 2544 ὃοθῆσι
1490 2467 1981 2553 φλεγμαίνουσαν,
2016 2471 2475 2555 stribiliginem
2502 2470 2757 2536 meliori

579 2573 834 2638 saeculo
865 2570 1429 2637 descobinandam
1469 2590 1748 2655 sapere:
1802 2573 2003 2637 verba
2042 2573 2473 2647 maculantia,
2513 2572 2757 2656 quibus

573 2694 801 2739 versus
821 2674 1202 2752 consorivit,
1217 2674 1449 2738 Naevii
1464 2674 2065 2756 tolutiloquentiam
2082 2676 2440 2752 sonticam,
2456 2676 2525 2739 in
2542 2694 2613 2738 re
2628 2673 2758 2737 La-

575 2777 862 2842 tinitatis
889 2775 1363 2852 intestabilem,
1401 2773 1901 2858 Minervamque
1926 2773 2391 2852 rancidiorem,
2414 2776 2523 2838 cui
2552 2792 2759 2857 spon-

577 2880 689 2961 gia
717 2878 966 2942 deletili
988 2897 1183 2962 opuS,
1211 2895 1349 2960 qua
1385 2876 1646 2960 phrasis
1676 2874 2073 2940 distenditur
2094 2874 2412 2957 hydropS,
2442 2870 2547 2949 ἔξω
2571 2881 2759 2960 περιρ·

581 2977 877 3066 ῥαντηρίων
905 2978 1274 3043 arcendam.
1349 2976 1548 3041 Alius
1570 2977 1941 3062 legirupam
1962 2995 2139 3055 esse,
2158 2976 2571 3059 syllabarum
2591 2985 2759 3041 tem-

577 3102 748 3167 pora
768 3079 1077 3158 διῖππεῦειν,
1099 3085 1351 3145 statera
1371 3080 1662 3156 auraria,
1686 3087 1764 3144 ut
1791 3078 2013 3143 Varro
2042 3080 2380 3155 monebat,
2404 3078 2567 3144 nihil
2596 3098 2760 3162 pon-

441 3259 451 3270 ‘
581 3185 827 3261 derare,
853 3203 992 3248 non
1035 3180 1428 3262 ἅποσμιλεύειν
1473 3182 1743 3265 stylum,
1786 3181 2108 3264 illiusque
2156 3201 2397 3246 nasum
2440 3182 2760 3245 condere:

583 3294 845 3353 saturos
875 3286 1109 3369 itaque
1141 3305 1214 3349 se
1258 3286 1620 3362 ambrosia,
1661 3302 1861 3367 quam
1898 3280 2153 3346 foenum
2182 3303 2331 3346 esse
2359 3284 2583 3348 malle.
2667 3282 2762 3347 At

580 3388 784 3471 paulo
812 3388 1005 3453 aliter
1024 3387 1456 3471 judicabunt,
1490 3406 1664 3470 quos
1703 3403 1828 3448 nec
1867 3381 2148 3458 φιλαυτία
2176 3402 2426 3461 caecoS,
2466 3404 2589 3449 nec
2616 3406 2761 3449 car-

579 3490 792 3573 pendi.
813 3489 1111 3554 studium
1143 3491 1402 3554 strabos
1429 3486 1761 3553 reddidit:
1789 3481 2058 3568 Ὑπέραν
2086 3484 2453 3549 Simonidis
2478 3485 2763 3551 fortasse

581 3612 713 3657 non
741 3592 970 3670 coluit,
993 3590 1410 3676 ἀθυρογλωττεῖ
1436 3594 1555 3674 γὰρ
1588 3588 1686 3650 καὶ
1716 3586 2142 3672 ἅνθηρογραφεῖ,
2160 3590 2247 3663 el,
2270 3578 2453 3670 quod
2476 3588 2764 3653 Photius

581 3696 664 3759 de
698 3695 954 3760 Basilio
988 3694 1443 3769 seleuciense,
1476 3688 1632 3775 κόρος
1658 3688 1935 3771 ἀμβλύνει
1960 3688 2159 3775 χάριν.
2192 3688 2325 3753 Sed
2354 3690 2507 3773 quis
2528 3691 2763 3766 nescit,

579 3797 807 3861 mundi
835 3816 966 3861 non
995 3814 1196 3859 unam
1227 3794 1510 3878 plagam,
1539 3812 1668 3856 nec
1700 3792 1860 3875 styli
1888 3810 2087 3855 unam
2121 3791 2361 3855 faciem
2406 3799 2473 3856 et
2500 3797 2765 3856 aetatem

579 3918 754 3975 esse,
803 3899 938 3962 imo
965 3916 1096 3961 nec
1124 3915 1260 3961 uno
1287 3896 1541 3961 saeculo
1573 3900 1694 3959 aut
1736 3913 1911 3959 anno
1948 3893 2233 3958 eundem
2262 3892 2570 3957 orationis
2604 3891 2767 3956 d'uc-

584 4012 726 4065 tum
759 4007 1170 4085 usurpatum,
1199 4003 1271 4062 ut
1289 3998 1659 4082 juventutis
1688 3998 1963 4080 spiritus
1990 3998 2289 4061 omittam
2306 3996 2336 4057 ‘l
2429 3992 2597 4077 Ipso
2625 3993 2768 4057 Au·

584 4107 815 4184 gusteo
840 4120 1010 4181 aevo,
1033 4102 1206 4165 alios
1227 4118 1478 4184 pressa,
1503 4100 1840 4182 castigata
1854 4105 1923 4163 et
1936 4107 2250 4163 matronae
2275 4093 2566 4175 ειίιιιίίίενι,ἀ
2588 4096 2769 4160 alios

1094 4234 1118 4268 ὁ
1153 4234 1283 4284 Vide
1306 4235 1555 4285 Senecam
1578 4236 1873 4298 Epistdu.
1902 4236 2110 4283 Sueton-
2138 4242 2197 4279 n.
2220 4235 2270 4279 2.
