3173 4957
935 397 1034 444 DE
1083 397 1320 446 BBLbO
1365 397 1716 446 'ruo-uuo
1763 396 1909 446 mn.
1957 397 2026 445 V.

381 541 622 628 Cerea,
643 535 1086 624 difficilesque
1119 540 1308 605 Deos
1332 541 1406 606 in
1434 546 1595 606 vota
1614 539 1858 624 fatigat

378 639 852 726 Nequicquam
879 660 899 722 ς
924 640 1116 723 jacet
1143 641 1256 705 ille
1285 641 1592 724 quidem,·
1606 641 1975 726 lapsusque
1993 637 2263 722 jugales

2426 379 2561 450 5⁰7

2430 639 2563 706 200

373 741 693 826 Impedit,
719 749 792 806 et
819 759 1010 805 curru
1038 761 1173 806 non
1202 747 1611 822 agnoscente
1631 742 1905 806 fatiscit.

465 839 672 909 Hunc
701 843 822 908 ubi
843 843 1258 926 praecipitem
1281 843 1466 918 volvi
1493 842 1722 907 videre
1749 841 2047 925 Pelasgi,

376 943 757 1010 Pennificat
783 943 1068 1009 formido
1098 944 1367 1026 gradus,
1397 944 1834 1029 stimulatque
1861 943 2168 1010 volucres

378 1045 488 1111 Ire
509 1045 757 1130 pedes:
803 1047 1064 1111 cunctis
1091 1047 1216 1112 iter
1241 1053 1346 1112 est
1373 1046 1459 1112 ad
1495 1047 1725 1111 littora
1751 1047 2019 1130 longum

376 1147 466 1213 Et
491 1146 751 1217 tardum
778 1148 1103 1231 repetisse
1133 1156 1340 1215 rates.
1426 1147 1524 1214 At
1551 1148 1853 1214 fulminis
1887 1149 2099 1214 instar

2422 1151 2555 1216 205

365 1249 665 1319 Prosilit¹
683 1248 1034 1328 AEacideS,
1061 1255 1130 1315 et
1153 1251 1575 1316 formidabile
1606 1249 1940 1330 frendens,

376 1350 556 1417 Proh
587 1351 836 1434 pudor!
885 1352 1253 1432 Inachidas,
1283 1354 1405 1418 vix
1435 1353 1594 1418 dum
1625 1355 2105 1436 praesensimus
2131 1353 2382 1432 hostes,

381 1452 468 1517 Et
507 1452 654 1535 jam
685 1459 870 1535 terga
897 1453 1156 1531 damus,
1183 1455 1435 1538 inquit:
1479 1455 1825 1540 sylvaeque
1856 1455 2129 1522 trabalis

379 1553 642 1632 Robur,
669 1554 738 1619 in
766 1554 1078 1638 obliquas
1101 1575 1256 1639 quas
1290 1556 1575 1623 carbasa
1604 1557 1883 1640 porrigit
1908 1575 2126 1633 auras,

379 1653 689 1739 Corripit,
717 1660 932 1739 atque·
947 1656 1163 1733 iterat,
1199 1655 1394 1724 Nunc
1425 1677 1492 1736 o,
1525 1676 1701 1722 nunc
1728 1677 1923 1724 nemo
1952 1663 2295 1742 sequatur,

371 1745 578 1821 Solus
606 1775 777 1836 eam,
806 1757 1068 1822 vincam
1097 1758 1308 1823 solus.
1399 1759 1604 1840 Fugit
1624 1759 1809 1824 ilicet
1836 1759 2052 1823 omnis

375 1856 608 1922 Turba
635 1856 1011 1942 Phrygum:
1053 1877 1185 1922 non
1215 1877 1378 1923 arva
1404 1858 1605 1922 inodo
1635 1877 1769 1923 non
1794 1859 2021 1924 littora
2046 1858 2340 1940 nudant;

377 1957 514 2023 Sed
540 1959 862 2042 quicquid
887 1964 1164 2043 pontum
1189 1958 1653 2043 Phrygiasque
1680 1958 2031 2044 interjacet
2056 1978 2245 2024 arces

377 2056 686 2125 Accessu
716 2079 933 2126 vacuo
963 2061 1224 2126 Danais
1253 2067 1484 2144 patet:
1530 2061 1803 2126 ultimus
1835 2061 2090 2126 Hector

376 2160 726 2245 Tanquam
756 2163 1011 2228 instans
1041 2162 1242 2242 cedit,
1271 2162 1789 2248 indignatusque
1828 2162 2118 2226 moranti

2428 2160 2559 2227 215

374 2260 564 2328 Arva
591 2263 750 2348 legit
778 2284 1042 2346 gressu:
1087 2266 1272 2349 c9git
1296 2264 1751 2330 moderantius
1778 2264 1927 2347 ipse

379 2363 729 2444 AEacideS,
753 2367 1090 2450 flectitque
1119 2367 1420 2449 gradum,
1447 2374 1514 2433 et
1539 2367 1703 2450 quia
1732 2370 1963 2430 neuter
1988 2364 2060 2428 in
2087 2361 2295 2428 armis

1360 2525 1579 2582 No'rAE

371 2653 386 2676 ‘
402 2657 559 2696 cerea
578 2655 800 2706 persona
819 2642 854 2703 ς’
885 2642 1115 2707 quamvis
1149 2642 1268 2693 libri
1291 2641 1428 2692 vari·

372 2726 484 2771 ant.
550 2716 766 2767 Ovidius
788 2717 839 2766 in
861 2717 1148 2767 Laodamia
1169 2716 1388 2782 epistola
1406 2734 1422 2767 ε

367 2793 386 2825 ⁸
401 2796 536 2847 Quae
577 2792 749 2843 vultus
791 2790 990 2841 referat
1032 2800 1113 2842 est
1143 2792 1266 2843 mihi
1305 2806 1426 2842 cera

373 2868 525 2922 tuos!
554 2869 637 2918 De
653 2867 902 2918 Remedio
920 2866 1038 2917 Am.
1059 2882 1122 2918 ιι.
1155 2868 1240 2917 ‘Si
1258 2874 1424 2932 potes,

374 2952 430 2997 et
448 2959 596 2996 ceras
612 2958 852 2994 remove:
886 2942 1011 3008 quid
1035 2943 1258 3009 imagine
1283 2952 1424 2995 muta

371 3020 642 3085 Corporis?
662 3019 758 3069 hoc
771 3019 929 3083 periit
947 3018 1222 3069 Laodamia
1235 3017 1424 3069 modo-³

373 3096 693 3147 Vide'Pierii
713 3093 976 3145 Valeriani
997 3095 1266 3159 epistolam
1290 3096 1421 3145 Pro·

371 3172 540 3222 tesilai
579 3170 976 3234 responsoriam,
1012 3176 1068 3219 et
1109 3176 1278 3219 totam
1311 3184 1420 3219 rem

373 3246 509 3312 apud
536 3247 800 3310 Hyginum
824 3243 934 3295 fab.
956 3248 1068 3295 104.
1105 3246 1198 3295 ubi
1217 3246 1422 3295 simula·

367 3336 516 3373 erum
556 3321 572 3349 ‘
591 3334 780 3370 ereum
805 3320 821 3343 ’
853 3334 948 3386 pro
967 3335 1151 3371 cereum
1190 3322 1346 3382 male,
1366 3326 1428 3371 ut

375 3399 534 3449 mults
547 3398 665 3453 alis.
681 3397 734 3446 in
755 3398 846 3447 illo
861 3403 1076 3447 auctore
1087 3396 1297 3461 legitur.
1317 3395 1428 3460 Hy-

344 3462 492 3540 ‘gino
529 3482 586 3525 et
614 3474 742 3524 illud
773 3474 1102 3538 contrarium,
1141 3472 1282 3538 quod
1318 3474 1428 3522 viso

367 3553 556 3603 marito
574 3551 834 3613 expirasse
850 3548 1080 3614 fingitur,
1105 3550 1208 3611 vel,
1228 3555 1290 3599 ut
1309 3548 1418 3616 alil,

363 3626 718 3679 Protesilaum
791 3625 1012 3675 reditum
1091 3620 1418 3688 impetrasse.

367 3705 622 3767 Propert.
643 3713 682 3751 1.
705 3700 722 3729 ⁴
735 3700 856 3751 Non
876 3714 978 3764 ego
999 3699 1171 3763 nunc,’
1185 3702 1286 3750 ὅτε.
1334 3699 1422 3750 Ita

365 3778 550 3832 Livius
568 3775 892 3827 Andronicus
913 3776 1239 3827 Laodamiam
1262 3776 1424 3828 iutro·

369 3856 526 3907 duxit
561 3852 788 3903 reditum
829 3857 1128 3904 exorantem
1171 3854 1421 3918 conjugis.

375 3932 723 3995 Hieronymus
737 3926 880 3977 illam
895 3927 1068 3978 occiso
1083 3928 1268 3979 marito
1279 3931 1424 3979 nolu·

369 4008 474 4059 isse
495 4005 829 4073 supervivere
848 4002 1051 4066 scribit,
1070 4004 1317 4054 adversus
1333 4006 1426 4059 Jo-

375 4083 566 4134 vinian.
596 4095 637 4132 r.
657 4092 712 4145 p.
731 4084 844 4131 184.
895 4078 1034 4129 Vide
1075 4079 1348 4143 Papinium
1367 4098 1424 4132 v.

373 4157 667 4222 sylvarum,
687 4155 776 4207 ubi
801 4163 971 4207 tamen
989 4155 1277 4205 Politianus
1299 4158 1424 4221 poli-

378 4232 604 4305 tissimus
619 4246 716 4299 per
738 4231 1056 4297 Phylaceida
1071 4231 1320 4285 Alcestim
1347 4234 1426 4285 iu·

1503 2641 1717 2705 telligit.
1785 2701 1790 2708 .

1571 2719 1668 2767 199
1690 2716 2015 2783 Difficilesqsoe
2025 2716 2153 2766 Deos
2165 2715 2219 2765 ia
2234 2716 2562 2780 setasoligut]

1503 2793 1690 2859 Papia.
1712 2806 1765 2845 v·
1797 2793 1939 2859 Sylv.
1968 2792 1988 2821 ‘
2006 2792 2340 2856 Superosque
2362 2792 2415 2842 in
2434 2799 2560 2843 vota

1503 2868 1729 2934 fatigat!
1764 2869 1899 2920 Vide
1920 2867 2007 2919 lib.
2027 2882 2090 2917 n.
2109 2871 2229 2919 499.

1567 2951 1667 2997 2⁰⁰
1702 2947 1977 3010 lapsusque
2006 2945 2204 3007 jugales
2250 2944 2477 3009 Impedit,
2507 2950 2562 2994 et

1501 3036 1648 3072 carru
1667 3036 1758 3071 aaa
1778 3026 2059 3084 «rgumenta
2070 3017 2293 3083 fatiscit]
2313 3020 2469 3070 Prius
2489 3020 2557 3071 de

1503 3096 1651 3161 equis
1673 3097 1957 3147 Protesilai
1977 3096 2255 3161 implicatis
2272 3095 2454 3159 capi03
2487 3095 2561 3144 sl·

1502 3179 1670 3221 terum
1684 3172 1750 3221 de
1767 3188 1919 3223 curru
1936 3186 2041 3223 non
2054 3180 2369 3235 agnoscente
2386 3168 2558 3221 refero

1503 3248 1568 3296 ad
1596 3247 1722 3296 illud
1745 3247 1954 3309 Virgilii
1978 3246 2174 3309 Georg.
2199 3260 2239 3295 1.
2272 3244 2364 3294 tin.
2396 3247 2412 3275 ⁸
2433 3246 2556 3295 Fer·

1509 3329 1592 3370 tur
1613 3322 1761 3383 equis
1782 3321 1978 3383 auriga,
1996 3332 2165 3383 neque
2199 3317 2345 3367 audit
2380 3332 2559 3368 currus

1504 3392 1772 3445 habenas!

1569 3474 1666 3521 203
1691 3468 1958 3533 Peaarjficot
1978 3467 2193 3527 fumido
2227 3469 2433 3533 gradus]
2474 3467 2561 3519 Ad

1500 3546 1726 3611 Virgiliii
1748 3546 1838 3595 illa
1871 3544 2103 3608 respicit,
2122 3542 2369 3607 ‘pedibus
2407 3543 2560 3595 timor

1499 3622 1706 3675 addidit
1767 3620 1911 3684 slas,'
1970 3617 2109 3669 rates
2161 3618 2290 3669 ὅπλα
2342 3622 2562 3682 Amr.

1499 3702 1515 3730 ⁴
1528 3696 1825 3750 Pennificat
1835 3696 1850 3719 ⁹
1863 3710 1986 3747 vero
1994 3694 2202 3756 format,
2215 3703 2273 3745 ut
2282 3696 2401 3746 Val.
2414 3696 2567 3747 Plac-

1497 3790 1592 3825 cus
1612 3788 1653 3825 1.
1687 3771 1705 3800 ⁸
1724 3771 2015 3835 terrificat,'
2036 3776 2098 3822 ut
2115 3770 2315 3821 Plinius
2338 3778 2353 3802 ‘
2371 3770 2563 3822 clarifi-

1495 3860 1590 3903 cat
1606 3849 1623 3876 '
1644 3864 1745 3901 xx.
1768 3855 1850 3901 23.
2144 3887 2157 3902 .

1569 3932 1669 3977 2⁰6
1692 3928 1763 3976 Et
1769 3925 2078 3988 formidabile
2084 3925 2342 3989 frendens]
2365 3926 2558 3977 Home·

1505 4018 1595 4054 rus
1626 4003 1691 4053 11.
1721 4009 1782 4053 Η.
1820 4002 2049 4053 nemeae-v
2065 4003 2341 4065 βλοσιφοῖσι
2377 4002 2558 4065 προσό-

1498 4094 1653 4129 τοισιε
1687 4078 1826 4129 unde
1860 4078 2106 4141 Virgilius
2144 4076 2381 4142 deduxit,
2414 4078 2559 4128 ‘risit

1503 4157 1670 4206 mixta
1684 4155 1974 4206 Mezentius
1996 4151 2111 4202 ira?
2143 4152 2331 4217 Papius
2349 4166 2472 4206 vm.
2490 4148 2557 4205 ds

1503 4230 1717 4299 Tydeo-⁸
1752 4239 1767 4264 ‘
1784 4238 1843 4283 et
1862 4227 2185 4283 formidabile
2204 4227 2413 4283 ridens:

2426 1656 2557 1723 21⁰
2640 1715 2649 1722 .
