3173 4957
895 404 992 455 DB
1039 406 1278 456 BELLO
1326 406 1677 456 'mosano
1726 408 1873 458 Lm.
1918 409 2002 457 ΙΙ.

375 544 626 610 Saucia
646 544 1068 629 proximitas.
1155 544 1332 611 Mihi
1355 546 1642 613 classem
1674 566 1759 615 ac
1784 549 1933 613 vela
1952 555 2217 633 parate:

361 646 530 724 Ibo,
561 646 715 712 ibo:
761 665 896 712 non
924 668 1056 726 me,
1084 649 1373 731 pavidus
1400 669 1576 733 quas
1604 650 1841 735 objicit
1871 649 2161 727 Hector,

375 748 753 813 Terruerint
774 750 1028 831 Syrtes,
1049 770 1184 813 non
1208 769 1394 825 arma
1423 751 1732 831 adversa,
1761 752 1875 817 vel
1905 751 2162 832 hostes,

376 849 540 915 Non
572 850 790 914 aditus
815 850 886 913 in
915 868 1108 931 regna
1137 869 1416 931 graves:
1461 850 1627 915 mihi
1650 870 1893 915 numen
1918 853 2003 916 ab
2034 852 2176 917 alto

371 950 703 1034 Indulget,
729 951 1069 1035 dictatque
1091 952 1261 1028 viaS,
1293 970 1621 1036 spemque
1654 952 1845 1017 addit
1872 954 2071 1019 ituro.

373 1052 552 1116 Mira
579 1053 871 1135 quidem,
903 1051 1021 1116 sed
1052 1072 1231 1130 vera,
1263 1052 1496 1130 duces„
1527 1053 1877 1132 advertite,
1904 1054 2214 1136 pandam.

2430 396 2563 461 415

2428 852 2559 921 200

456 1152 832 1220 Desertura
863 1154 1072 1218 virum
1099 1154 1303 1217 flebat
1333 1153 1714 1218 Pallantias
1738 1159 1951 1219 ortum

372 1253 792 1318 Processisse
816 1253 1011 1331 diem,
1043 1254 1167 1317 sed
1183 1252 1330 1336 jam
1360 1254 1683 1318 maturior
1708 1262 1915 1319 aestus

369 1354 673 1420 Solverat
699 1357 991 1438 algentes
1017 1355 1346 1439 lacrymas
1374 1375 1392 1433 ;
1421 1374 1525 1419 me
1555 1354 1751 1419 dulce
1776 1355 2087 1421 trahebat

368 1454 720 1520 Certamen
749 1476 1110 1533 nemorum,
1139 1456 1452 1539 populari
1479 1456 1713 1533 lustra,
1741 1456 2019 1538 fugaces

368 1554 703 1637 Indagare
734 1556 933 1635 feras,
962 1556 1280 1640 facilique
1308 1557 1560 1621 instare
1585 1556 1912 1621 molosso.

368 1653 606 1738 Ocyus
633 1657 863 1736 exciti,
893 1658 1010 1740 qui
1039 1675 1258 1733 casse,
1285 1656 1398 1721 vel
1430 1674 1562 1732 ore,
1590 1655 1698 1721 vel
1727 1675 1907 1736 aure,

367 1754 655 1835 Fraude,
685 1776 875 1836 sono,
907 1776 1130 1833 sensu,
1162 1755 1466 1853 ludentes
1492 1757 1760 1840 praelia,
1794 1776 1991 1822 casse

367 1855 667 1933 Fallunt,
698 1877 811 1923 ore
840 1858 1034 1937 cient,
1066 1860 1401 1938 vestigant
1429 1876 1637 1937 aure;
1680 1858 2012 1941 simulque

2422 1862 2552 1929 210

364 1956 704 2023 Invadunt
733 1949 974 2024 saltus:
1007 1978 1124 2047 *me
1154 1964 1313 2024 nutu
1341 1958 1632 2023 numinis
1660 1976 1837 2023 error

363 2055 629 2123 Devius
658 2059 726 2121 in
755 2060 1046 2143 spatium
1077 2059 1446 2137 seductius,
1475 2058 1549 2122 in
1569 2078 1801 2123 nemus
1831 2059 2043 2125 altum

364 2158 543 2241 Egit,
565 2163 923 2243 venarique
953 2160 1135 2226 dedit
1162 2166 1422 2225 secreta
1451 2161 1772 2227 Dearum.
1845 2238 1857 2259 θ

442 2259 626 2324 Idaei
655 2262 885 2343 regina
913 2262 1104 2326 sinus
1131 2248 1520 2344 dignissima
1548 2260 1817 2326 Phoebo

361 2357 628 2423 Laurus
654 2360 978 2425 inoffenso
1007 2360 1400 2425 frondosum
1431 2360 1681 2425 vertice
1712 2360 1959 2425 crinem

2416 2362 2549 2428 215

360 2458 706 2544 Explicat,
733 2466 800 2525 et
825 2462 1112 2528 nemoris
1131 2461 1738 2547 proscripta·plebe
1765 2462 2065 2545 minoriS,

1320 2609 1536 2660 No'rAE

424 2709 522 2755 208
548 2705 814 2757 Desertum
844 2709 1024 2772 cmm]
1060 2707 1306 2772 Sequitur
1325 2724 1411 2756 rre-

355 2779 580 2845 ριβόηπν
611 2781 739 2832 illud
767 2783 978 2834 bubulci
1016 2783 1288 2847 judicium,
1319 2797 1407 2832 eu-

347 2856 439 2918 jus
461 2855 805 2907 immemorem
827 2858 1106 2908 Homerum
1128 2858 1260 2908 dicit
1291 2859 1408 2908 Ma-

357 2929 564 2980 crobius
592 2944 646 2980 v.
672 2934 754 2981 17.
791 2939 846 2982 et
865 2947 981 2982 cum
1003 2934 1093 2982 illo
1116 2933 1404 2983 Meurrius:

355 3017 472 3055 eom
495 3005 646 3057 Iliad.
659 3024 711 3054 ω.
726 3011 840 3060 851.
873 3009 1064 3059 diserte
1084 3010 1136 3058 id
1159 3016 1406 3072 exponat.

355 3080 570 3130 Fabula
591 3082 911 3132 involuerum
935 3091 990 3134 et
1013 3084 1232 3134 interius
1263 3097 1407 3134 cere-

349 3153 505 3225 'hrum
525 3155 638 3205 vide
655 3157 795 3220 apud
811 3159 1098 3208 Mem-sium
1115 3159 1406 3209 Comment.

351 3227 410 3280 in
432 3229 686 3292 Lycophr.
709 3231 986 3282 Cassandr.
1016 3236 1128 3281 125.
1186 3232 1407 3295 Fulgen-

355 3303 484 3352 tium
507 3317 571 3354 u.
593 3309 642 3354 2.
674 3313 730 3354 et
746 3319 811 3356 ιι.
833 3307 900 3356 de
918 3307 1078 3357 Peleo
1095 3313 1150 3356 et
1165 3306 1408 3356 Thetide.

355 3377 545 3428 Coelius
568 3379 786 3444 Rhodig.
809 3396 934 3433 xix.
956 3385 1033 3432 19.
1069 3381 1331 3432 Isocrates
1354 3382 1407 3431 in

351 3453 569 3504 Encom.
601 3455 823 3506 Heleoae
859 3456 1116 3521 θεοκρίτου,
1146 3465 1208 3508 ut
1243 3458 1406 3508 nomi-

353 3534 510 3579 natur
531 3543 562 3580 a
582 3529 792 3579 simmia
821 3531 1038 3588 Rhodio.
1069 3531 1207 3582 illius
1231 3531 1406 3581 merni-

351 3599 451 3658 nit,
475 3609 532 3652 et
553 3603 759 3652 Paridis
792 3610 970 3666 partes
993 3605 1132 3666 agit:
1165 3605 1272 3658 Dio
1308 3603 1406 3654 eti-

351 3689 434 3726 am
451 3674 712 3727 Prmaeua.
743 3677 878 3726 Vide
893 3679 1048 3728 etiam
1065 3677 1408 3727 Plutarchum

349 3749 406 3804 in
437 3749 549 3798 vita
579 3747 815 3806 Homeri,
867 3751 1047 3814 Eurip.
1085 3752 1140 3800 in
1181 3751 1407 3814 Helena,

351 3823 772 3888 Lycophronem,
794 3824 954 3874 Clem.
970 3824 1122 3876 Alex.
1138 3826 1406 3890 Protrept.
1427 3886 1432 3890 ,

352 3902 437 3948 lo.
473 3897 742 3962 Hyginum
757 3896 864 3948 fab.
877 3901 962 3948 92.
993 3898 1275 3949 Lucianum
1293 3902 1410 3952 θεῦν

349 3971 518 4037 κρίσει,
547 3973 774 4036 Dialogo
812 3973 1053 4037 Panope·
1083 3979 1140 4022 et
1161 3972 1408 4037 Galenes,

358 4047 698 4112 Charidemo,
719 4058 774 4100 et
797 4047 1036 4100 convivio
1057 4047 1410 4110 Lapitharum.

358 4121 716 4178 Meminerant
734 4125 892 4176 etiam
925 4121 1252 4186 Herodotus,
1279 4123 1414 4178 Thu-

1493 2704 1729 2770 cydides,
1744 2705 1938 2772 aliique
1960 2705 2230 2758 innumeri.
2280 2706 2545 2761 Judicium

1489 2779 1542 2830 in
1585 2780 1859 2832 Antandro
1916 2780 2114 2831 factum
2165 2783 2277 2832 vult
2337 2783 2548 2846 Strabo,

1490 2855 1711 2906 Ovidius
1758 2857 1810 2905 in
1878 2856 1991 2918 Ida,
2032 2864 2088 2906 et
2136 2857 2337 2907 Seneca
2394 2857 2547 2907 initio

1485 2931 1720 2981 Troadis.
1788 2931 2057 2981 Describit
2103 2933 2230 2983 illud
2270 2935 2325 2983 ἐν
2356 2931 2547 2996 παρόδῳ

1486 3006 1639 3056 Silius
1694 3020 1798 3056 vu-
1854 3007 2051 3070 prolixe
2091 3008 2349 3058 Luc-ianus
2402 3008 2547 3057 dicto

1484 3082 1622 3143 loeo,
1640 3087 1699 3130 et
1728 3080 1999 3138 Coluthus,
2021 3081 2107 3130 De
2130 3089 2282 3145 raptu
2305 3081 2548 3143 Helenae3

1487 3154 1580 3204 sed
1625 3155 1830 3217 reptilis
1874 3155 2009 3204 illius
2050 3166 2269 3206 conatus
2312 3156 2439 3206 nihil
2474 3157 2543 3205 ad

1486 3237 1738 3281 nostrum.

1551 3305 1725 3356 Flebat
1744 3304 2041 3366 Pallantius]
2068 3305 2207 3354 Illud
2228 3313 2446 3368 propter
2466 3319 2547 3354 ro·

1486 3394 1617 3442 rem,
1650 3381 1731 3430 vel
1765 3382 2023 3445 pruinam,
2062 3381 2201 3430 unde
2232 3389 2289 3430 et
2330 3382 2545 3442 algentes

1485 3454 1637 3506 addit
1672 3455 1958 3518 lacrymas:
2008 3455 2082 3505 ita
2124 3467 2201 3508 vr.
2243 3458 2356 3504 87⁰.
2386 3467 2545 3516 nuper

1487 3530 1635 3579 obitu
1678 3529 1972 3579 Memnonis
2013 3527 2130 3576 vide
2174 3527 2443 3582 Gifanium
2487 3527 2541 3578 in

1486 3601 1672 3654 Indice
1710 3605 1925 3653 Lucret-
1965 3601 2017 3652 in
2042 3603 2187 3666 fiere.
2252 3601 2541 3652 Pallantias

1489 3678 1650 3729 ovid.
1669 3692 1757 3730 xv.
1778 3685 1833 3728 et
1850 3691 1933 3728 ix.
1948 3684 2030 3728 est
2048 3677 2270 3739 Aurora,
2288 3675 2543 3726 Pallantis

1485 3752 1755 3817 soror-,qui
1773 3766 1841 3801 ex
1856 3765 2069 3801 numero
2086 3750 2371 3813 Gigantum
2385 3764 2404 3799 z
2428 3747 2541 3813 Hy-

1487 3827 1715 3892 perionis
1735 3827 1841 3878 filia
1862 3827 2109 3878 Hesiodo.

1549 3903 1649 3950 216
1669 3901 1953 3964 Proser-ipra
1977 3899 2132 3964 plebe]
2155 3899 2243 3949 Sic
2263 3911 2345 3948 ιν.
2380 3898 2400 3926 ⁸
2422 3911 2541 3960 pro-

1487 3976 1790 4042 scriptoque
1810 3975 1995 4037 Noto?
2034 3982 2090 4027 et
2110 3989 2165 4026 v.
2189 3977 2204 4003 ‘
2223 3973 2346 4026 Nox
2366 3973 2539 4036 aperit

1487 4051 1786 4117 proscripta
1802 4051 1979 4104 diem.’
