3173 4957
557 380 704 495 ‘392

1361 398 1662 448 Joslwffl
1716 398 1965 448 lsoAm

576 545 822 609 Murex
851 544 1076 609 hausit
1101 562 1292 627 opes,
1336 562 1510 627 quas
1533 544 1827 609 nondum
1858 542 2159 609 oblitus
2138 562 2207 606 m
2240 562 2447 608 annos
2486 558 2493 565 ·

576 647 950 711 Praesentes
976 645 1299 724 meminit,
1329 665 1687 729 regumque
1714 646 2085 729 expendit
2066 666 2135 709 m
2166 664 2383 710 usum.

573 748 902 831 Scyllaeos
929 766 1108 811 nova
1131 744 1392 829 pr'aeda
1395 766 1597 811 canes
1625 747 1711 812 ad
1741 747 1979 811 funera
2002 748 2233 813 moesti

572 848 869 930 Gurgitis
901 848 1160 925 invitat,
1191 846 1435 912 coeunt
1458 848 1853 913 latrantibus
1882 848 2085 912 undis

572 948 884 1015 Monstra
911 950 1104 1014 sinus
1135 948 1376 1025 Siculi,
1403 946 1645 1012 dehinc
1674 947 1920 1013 hausto
1948 955 2219 1013 nectare
2246 948 2391 1011 diro

570 1051 656 1115 In
684 1051 857 1115 freta
885 1057 1280 1135 sparguntur
1307 1050 1599 1114 similem
1624 1050 1944 1115 venantia
1978 1054 2241 1133 potum.

656 1152 753 1218 At
779 1152 1043 1217 fremitu
1073 1157 1359 1234 accepto
1393 1151 1661 1215 Nereus
1694 1168 2025 1216 excussus
2052 1152 2139 1214 ab
2168 1150 2395 1227 antris,

569 1252 860 1318 Motatis
888 1254 1220 1319 horrescit
1247 1253 1476 1336 aquis:
1521 1252 1831 1337 fontique
1856 1252 2161 1337 relapsus

569 1353 975 1419 Nascentem
1002 1355 1315 1438 explorat
1339 1355 1586 1432 lunam,
1627 1355 1911 1438 visoque
1940 1360 2169 1418 meatu

571 1456 795 1535 Quem
823 1456 1109 1538 genitrix
1137 1456 1378 1520 natura
1401 1454 1609 1534 dedit,
1652 1456 1952 1521 securior
1978 1457 2140 1519 exit.

654 1558 872 1623 Immo
905 1558 1105 1640 agite,
1135 1558 1438 1622 immisso
1467 1558 1719 1623 bellum
1748 1558 2116 1622 consumite
2145 1562 2376 1640 ponto,

567 1657 665 1723 m
695 1658 758 1722 si
784 1658 900 1741 qui
926 1658 1294 1739 undarum3
1339 1664 1689 1742 raptaeque
1715 1657 1993 1724 Atlante
2017 1659 2289 1742 repulso

568 1760 986 1847 Evolvantur
1013 1759 1440 1843 aquaez‘fatis
1469 1761 1716 1843 injuria
1742 1762 1959 1846 prima

2626 1725 2799 1823 370ἱ

569 1860 982 1927 Excusanda
1006 1860 1156 1940 suit,
1189 1864 1374 1927 an'et
1399 1862 1530 1926 hos
1559 1862 1834 1945 impune
1861 1863 2109 1927 furores

578 1962 770 2027 Ferre
789 1962 986 2046 juvat
1005 1964 1035 2025 'l
1081 1962 1322 2028 misero
1351 1963 1737 2055 completus
1770 1948 2085 2047 sanguine
2118 1968 2362 2046 pontus

568 2063 874 2147 Spumat,
905 2070 974 2126 et
1003 2063 1354 2127 incensum
1380 2064 1617 2128 fumat
1624 2082 1823 2140 mare,
1856 2064 2085 2148 Scylla
2112 2062 2497 2147 Charybdin

565 2163 876 2240 Excitat,
908 2169 978 2229 et
1001 2166 1242 2229 nostris
1269 2166 1717 2249 pinguescunt
1740 2171 2042 2229 monstra
2072 2164 2299 2228 ruinis,

570 2264 646 2329 Si
675 2272 942 2331 neutros
973 2283 1323 2349 superesse
1350 2272 1613 2345 ratnm3
1658 2266 1717 2330 si
1737 2266 1973 2349 judice
2002 2284 2205 2349 poena

2626 2264 2759 2329 3⁶75
2791 2252 2802 2277 ⁵

569 2358 832 2433 Elicitis
859 2384 1125 2450 poenas,
1157 2367 1520 2453 Phrygios
1510 2368 1799 2453 perjuria
1830 2375 2145 2449 mergent,

569 2468 973 2553 Exemplum
1002 2470 1272 2536 sceleris
1302 2471 1609 2550 Danaos,
1641 2491 1797 2555 quae
1818 2471 1962 2556 jam
1972 2472 2220 2536 mora?
2266 2439 2541 2552 segnes,

570 2569 917 2636 Pronins
896 2591 966 2635 m
993 2572 1276 2638 facinus
1291 2574 1502 2640 tardis
1528 2574 1859 2638 ultoribus
1890 2573 2045 2638 itur.

660 2669 890 2739 Ardua
908 2674 1054 2758 jam
1083 2675 1364 2758 trepidis
1391 2695 1734 2740 murorum
1763 2681 1957 2758 septa
1984 2673 2273 2739 catervis

569 2772 807 2838 Iliacae
836 2783 1098 2840 traxere
1124 2795 1404 2856 manus:
1451 2782 1585 2841 stat
1615 2776 1933 2840 Dardana
1962 2777 2171 2860 pubes
2282 2772 2296 2785 “

569 2871 707 2939 Pro
723 2873 982 2957 jugulis
1013 2881 1275 2940 armata
1303 2874 1486 2941 suis:
1533 2896 1660 2942 nec
1688 2877 1869 2942 enim
1894 2875 2130 2941 invida
2156 2876 2338 2959 regni

1555 3079 1779 3145 uo'm'

571 3193 900 3248 rin'indicem
943 3197 1109 3251 fuisse
1150 3202 1240 3253 ait.
1307 3189 1478 3256 Aliter
1517 3207 1626 3257 Na-

573 3275 866 3336 zianzenus,
890 3276 978 3340 qui
1009 3281 1235 3339 pastoris
1256 3279 1407 3346 Tyrii
1427 3297 1627 3346 canem,

570 3365 673 3420 non
687 3350 949 3413 Herculis,
961 3353 1070 3402 vult
1081 3351 1237 3406 fuisse
1249 3356 1402 3408 Orat.
1415 3373 1498 3408 ιιι.
1516 3365 1627 3410 103.

572 3425 776 3476 Auctor
818 3427 1192 3494 Etymologici:
1233 3430 1473 3498 ἁλουργὶς,
1511 3434 1627 3486 ἁλὸς

571 3499 748 3564 ineu:
781 3501 918 3566 quod
941 3505 1160 3566 exponit
1191 3507 1258 3558 de
1283 3511 1494 3560 cochlea
1517 3527 1623 3560 ma-

569 3574 721 3627 rina.'
770 3576 907 3626 Vide
943 3577 1080 3630 Plin.
1110 3595 1191 3630 rx.
1220 3584 1411 3650 scalig.
1435 3586 1623 3636 Exerc-

571 3655 686 3704 825.
704 3655 819 3701 51⁴.
882 3652 1082 3703 Eodem
1105 3656 1256 3706 modo
1271 3661 1538 3710 corallium
1556 3676 1624 3711 ex

572 3728 732 3792 guttis
755 3727 942 3778 occisa*
977 3729 1212 3780 Medusae
1250 3740 1427 3783 natum
1453 3736 1629 3799 Orpb-

571 3817 664 3852 eus
687 3803 868 3852 scribit
889 3803 977 3853 lib.
998 3803 1627 3868 delapidibus.0vid.1v.

571 3877 788 3927 Metam.
813 3879 978 3942 vii-‘gns
1007 3881 1170 3943 capiti
1193 3882 1332 3932 illins
1363 3886 1625 3951 subjectas

571 3951 626 4000 in
639 3952 904 4002 corallium
929 3962 1113 4005 mutat.
1151 3957 1312 4008 Plura
1331 3959 1396 4008 de
1419 3960 1661 4026 Purpu·,

571 4039 632 4075 rs
654 4025 896 4076 Bernart.
915 4029 980 4078 ad
1001 4029 1186 4094 sylvas
1207 4031 1396 4096 Papin.
1415 4039 1498 4087 46.

657 4106 756 4151 866
821 4105 1106 4156 Nau-eutem
1168 4110 1385 4172 explorat
1448 4113 1630 4178 lunam]

575 4178 711 4229 Quia
733 4179 1062 4243 pelagitratia
1083 4184 1171 4233 ills
1207 4185 1322 4234 Dea
1349 4187 1512 4237 maria
1540 4204 1625 4238 va·

575 4252 666 4304 riis
702 4254 915 4304 aestibus
952 4255 1290 4330 impraessnat:
1339 4261 1475 4327 quod
1508 4278 1626 4315 san-

1708 3206 1862 3272 guine
1890 3205 2053 3256 effuso
2082 3203 2277 3254 factum
2310 3199 2493 3263 fingit:
2543 3197 2559 3227 ‘
2578 3199 2757 3262 explo-

1708 3282 1821 3333 rat'
1853 3282 2078 3347 proprie.
2144 3275 2479 3335 Claudianus,
2510 3273 2612 3324 ‘Et
2628 3289 2757 3337 quos

1706 3366 1981 3408 nascentes
2018 3356 2259 3419 explorat
2286 3351 2491 3416 gurgite
2519 3349 2765 3412 Rhenus,’

1706 3447 1766 3483 ιι.
1790 3434 1839 3481 in
1864 3429 2143 3482 Rnffinum.

1770 3501 1871 3558 ³⁷6
1902 3507 2143 3571 Phrygios
2173 3505 2379 3568 perjuria
2409 3507 2621 3565 mergent
2656 3501 2757 3550 Ex·

1705 3586 1904 3648 emplum
1925 3582 2117 3632 sceleris
2138 3581 2359 3644 Danaos]
2395 3575 2777 3648 Laomedontis·

1708 3659 2012 3723 perjurium,
2048 3663 2104 3705 et
2148 3655 2454 3704 Graecortnn
2492 3652 2660 3702 scelus
2702 3651 2758 3699 in

1707 3733 1958 3799 rapiendo
1997 3745 2153 3781 aureo
2189 3731 2402 3790 vellere,
2436 3743 2537 3793 quo
2572 3727 2761 3790 reli-qni

1706 3810 1930 3873 invitati,
1948 3815 2191 3872 tanquam
2208 3805 2467 3868 exemplo,
2484 3815 2663 3852 causas
2680 3802 2759 3850 in·

1707 3887 1892 3936 teritus
1906 3885 2080 3948 justas
2104 3882 2316 3946 allegat.

1769 3967 1865 4011 3⁷8
1901 3961 2111 4010 Pronius
2129 3959 2182 4008 in
2199 3956 2397 4018 facinus
2416 3951 2569 4001 tardis
2589 3949 2760 3999 ultori-

1708 4038 1791 4086 bus
1825 4037 1951 4098 itur]
2006 4036 2094 4085 Sic
2132 4048 2195 4083 ιι.
2250 4030 2447 4078 ‘multa
2506 4035 2757 4076 nocentes

1707 4111 1967 4161 Emendat
2004 4109 2178 4159 vetitis
2208 4105 2357 4153 velox
2391 4103 2437 4152 si
2469 4101 2759 4152 occurrerit

1709 4187 1881 4243 aruis?
1902 4186 1992 4235 ubi
2030 4186 2196 4249 plura.
2263 4178 2538 4230 Sententia
2570 4178 2636 4227 ab
2660 4179 2758 4228 Ee-

1706 4264 1947 4315 clesiante
1968 4267 2135 4312 sumta
2156 4257 2356 4309 videtur
2376 4269 2444 4307 ex
2466 4268 2591 4306 vm.
2615 4259 2693 4308 11.
