3173 4957
1206 437 1747 487 nechToRm.
2438 425 2568 490 355

899 583 1086 646 Bene
1120 599 1324 665 quam
1355 582 1607 648 munita
1636 589 1855 646 tenere

555 683 758 748 Edita
787 683 1090 748 doctrina
1117 683 1488 768 sapientum
1520 684 1770 767 templa
1802 702 2055 748 serena.
2102 682 2353 747 Lucret.

384 781 516 862 vel,
561 793 640 850 ut
666 783 884 849 Varro
913 784 1200 859 dicebat,
1237 782 1523 864 legendo
1567 789 1633 847 et
1677 783 2033 848 scribendo
2063 785 2271 850 vitam
2320 784 2569 868 produ-

382 905 530 948 cere
556 905 830 951 :revera
858 885 960 950 illi
987 903 1231 966 mag-na
1257 884 1577 968 voluptas
1608 897 1735 962 est,
1766 885 1983 951 bonos
2004 893 2312 950 auctores
2348 887 2572 950 novis-

387 1007 483 1062 se,
513 986 729 1069 major
766 985 1190 1070 possedisse,
1219 985 1518 1050 maxima
1555 987 1799 1070 legisse
1834 992 1902 1051 et
1943 989 2377 1068 pervolvisse,
2409 986 2572 1070 quid

383 1087 612 1152 dicam
635 1088 704 1151 in
730 1107 924 1152 usum
953 1089 1236 1152 vertisse
1255 1089 1285 1150 ‘l
1373 1087 1510 1152 Sed
1539 1108 1625 1153 ne
1658 1097 1855 1152 extra
1885 1089 2101 1166 oleas,
2134 1095 2224 1165 et,
2257 1088 2440 1172 quod
2470 1088 2573 1151 di-

384 1189 571 1265 citur,
601 1191 854 1254 omissa
879 1191 1138 1273 hypera
1166 1190 1412 1272 pedem
1443 1191 1685 1254 sectari
1716 1188 1972 1263 videar,
2002 1191 2252 1273 accipe,
2270 1191 2372 1253 vir
2393 1209 2573 1272 mag-

385 1288 606 1366 nifice,
640 1290 954 1356 Iscanum
997 1289 1283 1354 Poetam
1329 1290 1912 1372 elegantissimum,
1942 1290 2009 1352 in
2049 1309 2118 1354 re
2154 1291 2409 1372 vulgari
2440 1308 2575 1353 non

383 1389 747 1470 vulgariter
774 1399 1130 1469 versatum,
1162 1393 1360 1475 cujus
1388 1410 1631 1456 nomen
1662 1396 1760 1455 tot
1788 1391 1913 1455 viri
1944 1391 2128 1456 docti
2162 1393 2371 1456 anxie
2400 1392 2577 1456 desi-

383 1489 720 1564 derarunt,
749 1494 940 1578 cujus
968 1493 1318 1558 sententiis
1354 1512 1516 1558 auro
1567 1497 1796 1556 contra
1840 1494 2019 1557 caris
2063 1511 2189 1556 non
2240 1493 2578 1574 Philologi

385 1597 666 1668 tantum,
695 1593 816 1658 sed
855 1599 924 1658 et
959 1591 1124 1657 JCti
1169 1595 1272 1658 usi
1318 1601 1490 1658 sunt.
1580 1593 1835 1658 Videat
1881 1594 2095 1658 lucem
2142 1595 2269 1658 sub
2298 1594 2455 1658 luce
2482 1593 2579 1658 tui

387 1693 698 1769 nominis,
731 1695 845 1777 qui
873 1700 1008 1760 tam
1055 1693 1172 1758 diu
1199 1695 1264 1758 in
1309 1693 1605 1760 tenebris
1632 1694 1823 1760 nullo
1856 1713 1982 1759 suo
2014 1695 2247 1759 merito
2278 1693 2577 1758 delituitt

388 1801 510 1858 tua
541 1794 727 1877 Mag.
759 1795 850 1860 ad
877 1815 1128 1862 novam
1168 1797 1388 1861 lucem
1419 1796 1761 1878 caliganti,
1792 1793 2197 1880 χειραγωγίας
2242 1795 2581 1878 adjumen-

389 1903 532 1964 tum
579 1904 650 1960 et
694 1896 992 1960 savorem
1023 1896 1404 1978 indulgeat:
1447 1915 1532 1960 ea
1572 1902 1693 1960 tua
1728 1897 2113 1960 hnmanitas
2142 1903 2271 1971 est,
2296 1901 2371 1958 ut
2398 1894 2583 1972 velit,

388 2015 476 2058 ea
497 1997 866 2060 auctoritas
895 2002 966 2061 et
995 1995 1310 2080 dignitaS,
1332 2001 1406 2060 ut
1431 1997 1676 2080 possit.
1722 1996 1823 2060 Ut
1846 1997 1913 2059 in
1942 1995 2141 2060 illuni
2164 2001 2361 2059 nocte
2390 1995 2585 2059 stella

389 2097 612 2160 otiens
640 2099 1018 2178 gratissima
1047 2101 1194 2176 θεὶς
1239 2098 1340 2160 sic
1389 2098 1458 2161 in
1501 2096 1728 2161 media
1768 2097 2071 2160 barbarie
2104 2095 2299 2179 quasi
2336 2101 2583 2160 renatas

389 2199 712 2280 placeant
737 2201 1070 2264 strictnrae
1101 2200 1518 2282 elegantioris
1553 2198 1881 2282 poetica:
1939 2199 2093 2281 jure
2136 2199 2315 2262 enim
2352 2199 2585 2264 merito

325 2360 334 2368 .
389 2300 554 2364 illud
585 2301 878 2364 Menelai
907 2302 990 2366 de
1021 2321 1096 2365 se
1123 2310 1343 2383 neget,

561 2399 1048 2487 Βεβαρβᾶρωμαι,
1073 2399 1298 2488 χρόνιος
1324 2398 1400 2464 ὧν
1427 2402 1486 2474 ἓν,
1509 2399 1845 2487 βαρβάροις.
1900 2398 2128 2484 Εανὶρ.
2167 2398 2371 2466 Orest-

477 2502 591 2566 Ad
615 2522 721 2567 me
755 2503 938 2585 quod
965 2505 1223 2580 attinet,
1253 2505 1498 2587 pignus
1522 2504 1651 2568 hoc
1680 2504 1913 2568 devoti
1950 2505 2152 2568 animi
2184 2504 2368 2586 apud
2403 2514 2587 2568 tuam

396 2602 582 2685 Mag.
609 2604 914 2684 depon0,
943 2623 1100 2684 quae
1137 2604 1196 2665 si
1233 2604 1402 2665 illud
1447 2605 1783 2684 acceperit
1820 2609 2139 2684 tanquam
2182 2624 2421 2680 meum,
2462 2604 2586 2669 sed

389 2704 531 2785 ipsi
558 2703 883 2778 debitum,
917 2709 984 2766 et
1021 2700 1390 2766 defenderit
1429 2710 1751 2784 tanquam
1794 2718 2013 2777 suum,
2042 2703 2157 2765 sed
2200 2722 2247 2766 a
2287 2722 2393 2767 me
2434 2724 2589 2786 pro·

393 2790 670 2881 fectum,
704 2808 1058 2886 acceptum
1083 2803 1255 2867 illud
1285 2809 1352 2867 et
1381 2821 1536 2867 vere
1559 2807 1913 2885 acceptum
1938 2802 2275 2883 gaudebo:
2342 2806 2441 2869 sic
2468 2805 2592 2870 Jo-

395 2904 644 2987 sephus
665 2910 916 2983 noster,
961 2902 1051 2967 ἐπὶ
1085 2905 1208 2966 δυσὶ
1239 2902 1522 3001 ἆγκῦςαξς
1544 2902 1821 2980 σαλεύων,
1844 2902 2264 2968 commodius
2291 2905 2588 2983 babebit,

657 3003 826 3069 Cum
859 3006 1104 3070 melius
1133 3005 1268 3069 dno
1299 3003 1667 3069 defendant
1692 3003 2059 3069 retinacula
2083 3004 2330 3069 navim.

401 3106 592 3171 Deus
636 3110 820 3169 tuam
853 3105 1136 3187 Magnis.
1177 3105 1574 3188 reipublicae
1616 3104 1879 3170 florenti
1908 3104 2267 3183 florentem,
2294 3106 2589 3191 mihique

396 3204 732 3271 fave-mem
761 3206 876 3297 diu
908 3212 1260 3271 conservet
1287 3213 1357 3270 et
1384 3207 1699 3289 sospitet.

1089 3460 1243 3525 Tua
1267 3458 1548 3543 Magnif.

1343 3660 1460 3742 qui
1490 3659 1654 3723 colit
1687 3667 1755 3723 et
1784 3660 2079 3726 aestimat

1664 3879 1983 3944 SAnum„
2033 3879 2505 3943 Dnssssmus.
