3173 4957
932 406 1031 456 nn
1080 404 1361 455 mor-vn
1406 406 1812 469 onnrnusr,
1852 395 1977 459 &c-
2411 395 2546 463 639

370 538 938 601 Amstelodamensis
986 560 1144 602 anno
1198 542 1379 603 1631.
1420 542 1614 602 forma
1654 544 1901 605 minore.
1985 543 2170 622 Digni
2215 561 2450 625 quoque
2479 546 2545 605 hi

370 637 493 697 dno
518 639 832 716 scriptores
858 638 1044 697 habiti
1074 649 1235 711 sunt,
1264 638 1455 717 quiin
1485 658 1655 699 usum
1678 640 1957 717 Delphini
1979 639 2429 713 illustrarentur,
2456 642 2547 703 uti

366 734 589 793 factum
616 744 713 793 est
738 734 900 793 haud
945 733 1254 794 infeliciter
1282 736 1357 793 ab
1385 733 1563 794 Anna
1609 736 1758 794 Tan.
1785 735 1960 794 Fabri
1988 736 2110 795 filia
2138 736 2329 797 Paris.
2365 740 2541 802 1680.

368 833 430 889 4.
474 830 626 889 Hinc
652 848 787 889 cum
816 830 999 890 Josioe
1027 829 1295 902 Meroen-i,
1326 829 1503 908 Casp.
1543 830 1792 904 Barthii,
1842 831 2022 891 Ulrici
2075 832 2353 893 Obrechti
2379 835 2546 895 Prae-

368 925 509 983 toris
536 924 727 1003 Regii,
756 926 857 1004 qui
903 935 1073 986 vetus
1102 925 1222 986 Ms.
1254 926 1759 1004 Argentoratense
1786 927 2061 1000 contulit,
2088 927 2374 1008 Paulique
2400 932 2546 991 Vin-

367 1020 556 1099 diugii
609 1020 686 1081 ad
733 1021 951 1102 Dictyn
1002 1022 1176 1094 notis,
1226 1023 1419 1081 Dares
1467 1024 1790 1083 recensitus
1840 1031 1938 1083 est
1981 1042 2016 1082 a
2063 1023 2137 1083 V.
2167 1025 2242 1083 C.
2269 1025 2546 1087 Samuele

366 1116 672 1196 Artopoeo,
728 1118 897 1196 cujus
968 1117 1283 1197 diligentia
1324 1117 1507 1177 index
1580 1118 1752 1178 etiam
1810 1117 2060 1197 insignis
2115 1118 2393 1193 accessit,
2440 1123 2548 1181 Ar·

368 1222 667 1289 gentorat.
718 1214 894 1273 1691.
939 1216 1074 1275 8v0.
1161 1214 1431 1292 Denique
1474 1213 2058 1274 Amstelodamenses
2107 1233 2204 1276 an.
2265 1217 2437 1277 1701.
2481 1219 2546 1277 in

368 1317 579 1385 quarta
619 1316 681 1367 et
721 1319 932 1369 octava
971 1310 1161 1369 forma
1201 1310 1481 1369 Daretem
1524 1320 1585 1369 et
1627 1311 1870 1388 Dictyn,
1913 1310 2140 1369 utinam
2169 1312 2310 1371 satis
2343 1332 2542 1373 emen-

366 1402 527 1475 date,
560 1402 917 1463 recuderunt
941 1424 1015 1464 ex
1043 1404 1299 1465 editione
1328 1407 1387 1463 in
1426 1424 1596 1463 usum
1623 1392 1926 1484 Delphini,
1953 1405 2071 1477 cui,
2117 1416 2329 1484 proeter
2371 1417 2543 1469 notas

361 1498 663 1559 universas
691 1518 763 1559 ex
784 1499 1041 1560 editione
1059 1500 1548 1578 Argentoratensi
1571 1502 1874 1579 repetitas,
1901 1500 2221 1579 adjunxere
2243 1522 2542 1583 nunquam

361 1594 523 1672 prius
574 1593 791 1653 editam
834 1596 964 1655 Jac.
1022 1596 1306 1655 Perizouii
1354 1596 1460 1654 viri
1510 1594 1895 1655 eruditissimi
1939 1595 2412 1658 disserfiationem
2469 1599 2544 1661 de

370 1689 611 1769 Dictye‚
662 1690 750 1769 [in
766 1689 879 1750 hac
916 1691 1011 1751 ed.
1043 1710 1312 1751 recusam
1342 1710 1521 1769 supra
1544 1710 1610 1770 p.
1641 1693 1735 1751 19.
1765 1696 1926 1772 sqq.]
1983 1693 2040 1751 in
2072 1693 2238 1771 cujus
2285 1704 2546 1757 extrema

359 1796 526 1862 parte
542 1788 703 1845 varia
721 1786 896 1865 hujus
920 1788 1213 1866 scriptoris
1230 1787 1785 1858 locaillnstranturg
1811 1796 1935 1847 tum
1955 1808 2226 1848 nummos
2252 1790 2544 1868 quosdam

360 1898 740 1961 gemmasque
794 1892 1016 1943 veteres
1059 1882 1133 1942 ad
1176 1881 1592 1941 illustrandum
1639 1882 1855 1962 Dictyn
1900 1902 1936 1941 a
1982 1883 2282 1943 Ludovico
2346 1886 2546 1945 Smids

359 1976 435 2034 V.
467 1977 539 2036 C.
567 1976 873 2050 collectas,
918 1977 1172 2057 denique
1218 1976 1467 2056 Josephi
1515 1976 1762 2036 Iscani⁶
1807 1979 2079 2050 Devonii,
2113 1978 2545 2056 Excestrensis,

358 2072 573 2148 poetae,
593 2090 698 2152 pro
725 2082 901 2133 aetate
929 2074 1052 2144 illa,
1070 2090 1189 2133 non
1206 2072 1581 2152 inelegantis,
1604 2075 1815 2151 po'eima
1826 2073 2124 2133 heroicum
2151 2076 2210 2133 in
2239 2094 2345 2135 sex
2363 2076 2541 2139 libros

359 2164 705 2227 distinctum
734 2168 810 2228 de
840 2168 1009 2228 Bello
1034 2168 1309 2248 Trojano,
1340 2187 1474 2228 cum
1516 2170 1673 2227 notis
1711 2169 2002 2229 Samuelis
2025 2171 2337 2242 Dresemii,
2368 2172 2544 2234 Dith-

358 2265 557 2333 marsi,
587 2283 692 2342 per
716 2264 985 2343 singulas
1012 2266 1261 2344 paginas
1293 2264 1629 2324 substratis.
1697 2263 1960 2325 Indicern
1988 2285 2226 2345 quoque
2251 2265 2456 2327 Dareti
2483 2280 2546 2330 et

361 2358 563 2438 Dictyi
605 2360 1049 2438 subjunxerunt,
1105 2380 1223 2419 non
1276 2360 1511 2438 qualern
1561 2358 1924 2422 locutionum
1980 2362 2172 2421 minus
2216 2364 2542 2437 obviatum,

358 2474 621 2535 ususque
648 2455 1065 2518 vocabulorum
1095 2456 1415 2536 singularis
1442 2454 1753 2520 adornavit
1795 2455 2024 2517 clariss.
2056 2459 2392 2538 Artopoeus‚
2430 2462 2539 2530 sed

356 2553 551 2630 qualis
594 2553 651 2612 in
689 2551 947 2620 editione
980 2552 1257 2633 Delphini
1284 2551 1558 2624 occurrit,
1589 2550 1777 2613 Index
1805 2553 2076 2614 omnium,
2094 2555 2539 2620 vocabulorum.

357 2647 607 2728 Josephi
636 2665 872 2726 quoque
916 2649 1109 2709 lscani
1151 2651 1361 2727 polima
1387 2646 1649 2707 exhiberi
1692 2655 1927 2726 poterat
1951 2665 2024 2706 ex
2054 2647 2452 2714 emendatiore
2480 2663 2544 2716 et

356 2741 673 2822 integriore
690 2744 942 2803 Joannis
971 2744 1123 2805 Mori
1154 2743 1412 2804 editione
1443 2740 1851 2813 Londinensi†
1905 2761 1960 2802 a.
1991 2743 2171 2804 1675.
2202 2746 2277 2810 8.,
2327 2745 2543 2806 Druse·

357 2841 507 2901 mins
535 2839 710 2911 enim,
738 2839 836 2918 qui
852 2839 967 2901 hoc
993 2847 1204 2919 poema
1220 2848 1377 2898 recte
1400 2837 1666 2916 Josepho
1687 2838 1900 2897 Iscano
1917 2837 2191 2911 restituit,
2209 2848 2269 2899 et
2294 2841 2539 2907 eruditis

358 2935 514 2994 notis
542 2934 877 3004 illustravit,
898 2935 1173 2996 Francof.
1203 2937 1380 2994 1623.
1399 2937 1461 2994 4.
1484 2933 1666 2992 nullis
1689 2933 1993 2993 codicibus
2012 2933 2162 2996 Mes.
2183 2935 2291 2994 sed
2310 2945 2540 2999 tantum

420 3135 447 3170 ⁶
470 3137 708 3199 Josephus
742 3135 945 3185 Iscanus
1040 3135 1149 3186 ἔπιε
1176 3151 1315 3184 snum
1355 3135 1415 3184 de
1480 3135 1720 3193 Carmina,
1743 3136 1826 3183 lib.
1851 3152 1889 3183 r.
1919 3135 1980 3184 In
2001 3135 2319 3184 Antiocheide
2338 3135 2474 3184 fortis
2494 3144 2544 3186 et

354 3202 485 3249 bello
504 3200 709 3264 Trojano
739 3200 915 3249 dicavit
987 3203 1135 3249 homo
1157 3200 1413 3256 Balduino,
1478 3199 1769 3263 magnanimi
1789 3199 1940 3274 Regis
1957 3199 2106 3246 nostri
2120 3197 2310 3247 Ricardi
2325 3215 2364 3245 1.
2383 3215 2556 3262 quern„

354 3265 729 3328 Archiepiscopo
764 3263 1042 3312 Cantiorum
1074 3265 1174 3312 sive
1207 3264 1417 3312 Cauma-
1480 3279 1585 3311 cnm
1601 3262 1856 3319 Balduino,
1875 3277 1928 3308 m
1949 3261 2253 3323 expeditione
2275 3262 2334 3309 sd
2349 3263 2541 3312 Terram

354 3329 518 3376 riensi.
569 3328 647 3376 De
681 3328 837 3376 lncani
860 3343 998 3392 porro
1017 3329 1157 3391 nugis
1176 3327 1418 3376 amatoriis
1482 3325 1706 3374 Sanctam
1727 3326 1978 3374 comitatus
1993 3331 2086 3380 est,
2098 3333 2231 3387 gestu
2245 3324 2541 3391 celebravit.]

354 3392 466 3440 vide
482 3392 696 3454 Men-gii
708 3392 1415 3454 anti-Baillemrn,T.rr.p.825.
1545 3389 1602 3453 [i
1623 3390 1753 3436 Mori
1786 3388 1999 3443 editioni,
2019 3403 2148 3436 nunc
2175 3388 2332 3437 minus
2370 3389 2542 3447 obviae,

353 3455 433 3503 De
444 3456 587 3504 Bello
600 3456 707 3519 ejus
716 3456 1033 3511 Antiocheno,
1049 3456 1149 3503 sive
1158 3455 1415 3502 Antioche·
1479 3453 1581 3501 haec
1613 3452 1756 3500 inseri
1791 3452 1859 3499 tio
1901 3451 2097 3514 praeiixa
2145 3459 2250 3499 est:
2310 3460 2325 3482 ⁴
2347 3449 2544 3501 Daretis

356 3520 453 3577 ide,
493 3527 544 3567 et
578 3520 685 3567 aliis
724 3520 813 3567 scri
818 3519 933 3582 ptis,
967 3518 999 3567 J
1002 3534 1049 3566 o.
1072 3518 1329 3566 Lelandum
1355 3517 1416 3565 do
1481 3516 1557 3564 Ph
1616 3517 1698 3578 gii,
1768 3516 2064 3563 istoricorum
2075 3516 2284 3563 omnium
2302 3513 2456 3578 primi,
2480 3516 2542 3564 de

354 3584 665 3647 scriptoribus
688 3583 975 3631 Britannicis
988 3583 1166 3630 editum
1182 3597 1337 3644 nuper
1355 3581 1417 3628 ab
1481 3579 1555 3628 Be
1593 3596 1622 3626 o
1641 3578 1842 3644 Trojano
1861 3579 1974 3626 libri
1995 3593 2096 3626 sex.
2133 3579 2302 3626 Latino
2335 3577 2539 3628 carmine

354 3647 570 3696 Antonio
610 3647 739 3702 Han,
774 3647 934 3694 Oxou.
960 3649 1101 3694 1⁷⁰9.
1143 3648 1191 3693 8.
1228 3660 1278 3707 p.
1298 3649 1414 3694 237.
1478 3658 1507 3690 a
1527 3643 1646 3692 Jose
1680 3643 1742 3690 ho
1761 3642 2021 3690 Exoniensi
2055 3643 2128 3689 ele
2162 3642 2402 3690 entissime
2433 3642 2538 3690 red-

356 3711 470 3760 Alia
490 3711 551 3758 de
574 3725 632 3758 eo
652 3707 947 3758 Christianus
961 3707 1195 3757 Daumius
1204 3708 1330 3756 notis
1350 3708 1413 3755 ad
1478 3705 1581 3754 diti.
1625 3659 1883 3772 leeoo'gniti
1904 3721 1960 3754 ac
1979 3720 2117 3753 emen
2178 3707 2217 3752 ti
2237 3720 2346 3754 cura
2366 3712 2417 3752 et
2437 3714 2537 3752 stu·

354 3775 647 3822 Bernardurn
670 3773 982 3837 Geystensern
1006 3787 1055 3834 p.
1074 3775 1157 3822 73.
1193 3771 1415 3834 [Scripsit
1478 3769 1558 3817 dio
1580 3769 1780 3818 Jonnnis
1811 3768 1956 3824 Mori,
1981 3770 2014 3818 J
2019 3801 2033 3816 .
2052 3769 2116 3818 U.
2139 3767 2204 3816 D.
2243 3769 2326 3831 qui
2344 3769 2541 3816 eosdem

349 3837 570 3886 Iscanus:
594 3837 673 3884 De
688 3837 825 3884 Bello
842 3836 1044 3899 Trojano
1061 3833 1415 3901 libb.flvr.—De
1479 3834 1786 3896 Argumentis
1825 3832 2096 3890 illustravit,
2131 3838 2376 3894 totumque
2415 3845 2538 3895 opus
2645 3881 2654 3890 ,

352 3902 497 3950 Bello
530 3901 833 3952 Antiocheno
866 3899 950 3946 lib.
991 3898 1173 3946 1.-—De
1211 3897 1412 3945 Institu-
1474 3913 1588 3945 vero
1608 3898 1789 3945 auctori
1801 3896 2029 3945 restituit.
2058 3895 2280 3945 Londini.
2303 3897 2540 3959 impensis

348 3967 483 4020 tione
506 3964 623 4028 Cyri
641 3965 724 4011 lib.
744 3962 1190 4026 r.—-Panegyricum
1205 3961 1266 4008 ad
1278 3961 1410 4008 Hen-
1475 3961 1671 4008 Thomu
1685 3961 1868 4009 Helder
1895 3961 1984 4008 sub
2005 3960 2141 4023 signo
2163 3959 2338 4021 Angeli
2357 3959 2409 4006 in
2431 3960 2542 4016 vicq

349 4029 521 4092 ricnm,
553 4028 637 4075 lib.
660 4027 931 4088 re-Nugas
952 4025 1237 4080 Amator-ias,
1268 4024 1353 4071 lib.
1375 4039 1413 4070 r.
1475 4026 1617 4086 vulgo
1636 4023 1764 4072 dicto
1785 4024 2174 4073 Little-Brimin.
2195 4021 2379 4085 16753]

352 4092 785 4154 *Epigrammata
805 4091 887 4138 lib.
912 4087 1206 4137 1.—-Diversi
1226 4087 1412 4151 generis
