3173 4957
950 419 1046 464 DE
1096 417 1333 464 BELLO
1378 417 1724 465 ‘PROJANO
1774 415 1917 464 Lm.
1963 418 2064 464 vl.

392 559 616 625 Metiri
637 558 783 643 jam
814 559 955 623 fata
976 558 1157 635 licet,
1189 557 1295 622 tot
1322 556 1485 622 ditia
1518 564 1788 640 spectes

386 660 619 738 Arma,
646 661 855 737 Deos,
882 660 1135 737 cultus,
1164 677 1480 741 gemmas,
1510 660 1697 736 ebur,
1723 677 1901 738 aera3
1944 676 2072 722 nec
2101 676 2394 742 unquam

388 761 709 826 Pluribus
736 761 1053 825 intumuit
1080 761 1325 824 victrix
1351 759 1622 824 fortuna
1649 760 1944 842 tropaeis.

2437 759 2568 825 860

474 862 841 945 Postquam
859 865 1047 948 justa
1069 863 1317 928 ducum
1349 861 1620 927 suffecit
1639 863 1858 944 copia,
1889 861 2092 943 vulgo

385 961 693 1047 Spesque
722 963 957 1037 avidas
986 964 1285 1028 tribuens
1314 963 1479 1030 vicit
1506 981 1765 1040 manuS,
1797 963 2088 1047 undique
2119 963 2319 1028 laetos

386 1061 825 1128 Conclamant
850 1064 1139 1129 reditus:
1184 1064 1608 1147 tandemque,
1647 1063 1764 1128 sed
1791 1064 1994 1128 exule
2018 1065 2224 1142 bello,

387 1163 470 1226 Iu
500 1183 651 1228 sese
677 1171 917 1230 natura
944 1166 1149 1231 redit:
1208 1166 1323 1230 dat
1350 1171 1653 1249 tempora
1680 1171 1893 1242 vates,

388 1265 532 1330 Dat
557 1265 798 1342 lucem,
828 1286 961 1349 qua
989 1268 1142 1332 vela
1167 1273 1427 1351 parent,
1457 1272 1742 1349 suntque
1771 1267 1908 1333 otia
1936 1266 2166 1330 Graiis

2439 1263 2570 1330 865

387 1365 653 1430 Interea
677 1367 959 1430 lustrare
990 1387 1157 1448 vago
1183 1367 1515 1433 fumantia
1540 1384 1776 1450 gressu

386 1465 715 1548 Pergama
738 1487 757 1547 ;
810 1487 971 1550 pars
999 1469 1175 1534 odiis
1200 1470 1493 1534 nondum
1520 1470 1850 1551 furiisque
1875 1469 2165 1552 peractis

388 1565 721 1632 Rhoeteos
752 1569 1004 1651 spoliat
1034 1570 1267 1648 colles,
1296 1571 1519 1636 latura
1544 1589 1938 1653 cupressum

386 1667 779 1747 Funeribus,
808 1670 1071 1734 laurum
1094 1672 1327 1750 sacris,
1356 1679 1423 1738 et
1453 1673 1794 1755 puppibus
1823 1673 2072 1736 alnum.

466 1767 515 1832 J
518 1787 623 1832 am
654 1771 833 1834 votis
854 1773 1263 1855 tumulisque
1290 1773 1555 1850 modus,
1582 1773 1955 1856 classisque
1980 1777 2221 1838 novata

2439 1769 2570 1834 870

384 1869 801 1950 AEquoreum
829 1872 1137 1936 sulcabat
1165 1874 1331 1938 iter:
1375 1878 1550 1937 rotat
1576 1875 1820 1938 obvius
1845 1893 2006 1936 ecce

381 1969 634 2034 Auster
662 1990 902 2053 aquas,
933 1973 1365 2057 geminasque
1390 1974 1668 2057 hyemes
1697 1979 1767 2038 et
1793 1974 2067 2036 flumina
2093 1977 2160 2035 et
2187 1972 2433 2036 imbres

378 2065 781 2152 Tempestas
808 2074 1083 2156 inopina
1110 2081 1374 2140 movet:
1418 2080 1883 2156 mouet.augur
1906 2075 2115 2140 ituros

384 2165 709 2236 Nondum
726 2173 1017 2254 placatis
1046 2177 1277 2240 iterare
1305 2177 1576 2258 piacula
1607 2176 1808 2240 divis.

382 2271 427 2334 J
430 2290 591 2336 ussa
613 2272 819 2337 duces
846 2276 1116 2352 obeunt,
1143 2279 1545 2360 memorique
1582 2275 1935 2359 Polyxena
1963 2275 2243 2357 Pyrrhe,

384 2371 542 2435 Non
572 2374 865 2452 inventa,
897 2377 1119 2440 subit:
1163 2377 1439 2453 frendet,
1470 2376 1942 2460 Phrygiosque
1969 2376 2242 2440 lacessit

2440 2273 2570 2342 875
2603 2227 2617 2238 ’

384 2473 685 2539 Efferus:
728 2475 901 2540 hanc
928 2476 1267 2555 thalamiS,
1299 2477 1594 2543 Hecuba
1621 2477 1944 2555 tradente,
1973 2473 2270 2559 paternis

382 2576 549 2639 Dux
578 2574 1023 2641 Anchisiades
1056 2578 1541 2644 absconderat:
1584 2598 1628 2641 o
1659 2578 1881 2677 scelus
1909 2578 2164 2658 ingenS,

382 2676 719 2743 Redditur
745 2678 984 2743 invisis
1011 2679 1245 2745 infelix
1273 2678 1503 2763 praeda
1531 2678 1885 2759 Pelasgis!

468 2776 587 2857 At,
617 2778 778 2844 licet
802 2778 978 2844 haud
1009 2800 1265 2863 aequas,
1297 2784 1559 2845 servata
1589 2780 1863 2862 virgine,
1891 2794 2156 2863 peenas,

2436 2773 2570 2838 880

1362 2976 1415 3028 N
1420 2974 1583 3027 01*AE

379 3082 563 3133 scribit
608 3084 808 3135 Seneca
864 3086 1011 3136 initio
1055 3088 1245 3138 Troad.
1280 3094 1295 3118 ⁴
1317 3089 1434 3139 Stat

380 3158 560 3209 avidus
597 3160 677 3209 ira
718 3161 905 3223 victor,
942 3169 999 3211 et
1042 3163 1235 3212 lentum
1278 3163 1431 3213 Ilium

380 3234 603 3283 Metitur
622 3234 820 3299 oculis}
836 3240 936 3285 ὅτε.
970 3238 985 3263 ‘
1008 3237 1189 3286 Fatum
1208 3236 1225 3259 '
1244 3238 1331 3286 Ilii
1354 3244 1434 3287 est

378 3308 463 3357 hic
483 3310 767 3374 opulentia,
784 3311 1102 3377 magnitudo,
1118 3312 1322 3375 praeda:
1344 3327 1431 3361 ex-

377 3386 541 3447 plieat
560 3386 691 3447 ipse.

442 3464 539 3509 863
564 3462 875 3524 Tandemque,
889 3464 971 3511 sed
984 3462 1121 3511 exule
1132 3462 1273 3527 bauo]
1300 3462 1433 3513 Vide

378 3549 441 3586 11.
461 3540 582 3587 459.
1292 3564 1301 3573 ·

440 3604 538 3659 sai
570 3612 635 3660 Is
648 3625 747 3661 sese
759 3617 931 3661 nutura
944 3614 1095 3677 redit]
1130 3616 1299 3677 Supra
1316 3618 1431 3664 652.

438 3691 538 3737 868
572 3688 793 3738 Rlaoeteos
810 3690 985 3752 spoliat
1018 3690 1181 3753 colles]
1213 3688 1435 3739 Ῥοίτειον

378 3764 595 3813 Troadis
617 3766 737 3815 urbs
768 3772 849 3815 est
880 3767 1081 3829 Scylaci
1106 3767 1435 3831 caryanden-

379 3839 441 3888 si.
462 3840 633 3891 Strub.
656 3854 785 3891 xxn.
811 3840 1035 3891 Ῥοίτειον
1044 3840 1183 3893 πόλις
1198 3842 1277 3893 ἐπὶ
1300 3842 1436 3906 λόφῳ

378 3912 583 3975 κειμένη.

444 3994 541 4039 872
578 3990 892 4054 Geminasque
925 3992 1108 4055 hyemen
1150 3999 1197 4042 et
1224 3993 1435 4055 flumina

380 4072 429 4113 et
468 4066 661 4128 imbres]
716 4067 894 4116 Malim
938 4069 954 4095 ⁸
990 4066 1237 4131 fulmins‚’
1278 4084 1432 4133 quum

383 4141 398 4168 ‘
421 4139 662 4191 flumiua'
681 4150 736 4191 et
756 4149 772 4172 ⁴
788 4141 1030 4192 flamina?

445 4220 541 4267 875
574 4217 869 4282 Memorique
921 4218 1167 4282 Poly-‘cens
1212 4218 1431 4283 Pyrrho,

1514 3090 1629 3137 Non
1669 3087 1881 3149 inventa,
1919 3085 2069 3149 subit]
2107 3086 2194 3135 Ita
2229 3074 2440 3135 Curtius
2481 3092 2568 3133 ιιι.

1510 3166 1527 3191 ⁴
1550 3163 1678 3211 Sera
1701 3162 2008 3224 poenitentia
2029 3160 2172 3211 subit
2194 3158 2406 3223 regem-³

1576 3241 1674 3286 878
1707 3238 1830 3285 Dux
1871 3236 2184 3285 Anchisiades
2235 3236 2570 3298 absconderat]

1514 3312 1850 3361 Ethnicorum
1882 3312 1972 3360 illa
2017 3309 2292 3359 crudelitas
2328 3310 2571 3373 plurimo-

1514 3402 1647 3449 rum,
1671 3385 1736 3436 ad
1760 3399 1940 3449 rogum
1963 3399 2066 3434 nou
2101 3390 2300 3434 tautum
2331 3384 2572 3433 animalia

1515 3463 1732 3525 reliqua,
1750 3462 1841 3511 sed
1857 3468 1913 3509 et
1927 3460 2156 3510 homiues
2175 3465 2422 3509 mactare.
2458 3458 2568 3507 Res

1512 3547 1638 3588 nota
1674 3544 1730 3587 et
1753 3536 1942 3601 passim
1963 3536 2136 3598 obvia,
2157 3534 2225 3584 de
2257 3550 2358 3599 qua
2379 3533 2570 3583 Kirch-

1513 3628 1729 3663 manuus
1773 3614 1938 3662 multa
1979 3624 2072 3662 ιιι.
2093 3615 2144 3660 4.
2179 3610 2246 3659 de
2282 3608 2570 3661 funeribus.

1512 3690 1862 3739 Philostratus
1879 3688 2070 3737 veroin
2089 3685 2352 3747 Heroicis,
2373 3699 2475 3735 nou
2492 3684 2569 3733 in-

1512 3762 1670 3813 ferias
1693 3763 1898 3813 missum
1919 3763 2258 3825 Polyxenam,
2279 3760 2373 3809 sed
2395 3774 2570 3809 amore

1515 3846 1571 3890 et
1609 3838 1864 3888 desiderio
1888 3837 2102 3887 Achillis
2129 3837 2193 3883 ad
2225 3836 2362 3883 illius
2397 3841 2567 3884 tumn·

1513 3916 1618 3967 lum
1651 3916 1790 3966 ferro
1817 3913 2112 3964 incubuisse
2145 3910 2346 3960 scribit.
2393 3910 2410 3939 ‘
2435 3910 2567 3960 Abs-

1514 3991 1799 4052 conderat,’
1814 3991 1997 4054 iuquit,
2009 3987 2291 4050 σνγκόπυν
2303 4002 2316 4035 :
2341 3986 2418 4035 ita
2429 3986 2566 4035 enim

1512 4066 1992 4127 Lucanus,Seuecu,
2013 4065 2186 4127 Silius,
2209 4070 2266 4113 et
2287 4061 2561 4112 Tertullia-

1510 4156 1606 4192 nus
1627 4143 1842 4193 malunt.
