3173 4957
639 431 770 500 406

1327 447 1334 452 “
1421 441 1730 494 Josnrm
1782 441 2028 492 iscam

633 591 756 657 Sic
787 590 1037 674 Cyrum
1066 585 1371 662 Croesus,
1400 585 1721 650 Tamirim
1748 582 1871 661 sic,
1902 581 2101 666 Cyre,
2132 582 2438 664 rogabas.

639 692 734 756 At
763 692 825 755 si
853 690 1068 754 Parca
1095 688 1296 771 prior,
1323 704 1458 770 qua
1487 691 1791 769 coeperat
1818 685 1937 762 ire,
1964 690 2240 760 mearet,

2728 683 2819 748 45

638 794 802 876 Ipse
833 790 1122 856 orandus
1154 809 1358 866 eram,
1389 789 1853 870 geminumque
1880 787 2225 869 impensus
2254 786 2324 849 in
2350 803 2551 849 usum

636 893 778 958 Aut
805 911 1041 976 pacem
1073 909 1359 974 regerem
1377 889 1615 972 judex,
1646 893 1764 950 aut
1788 886 2024 969 praelia
2055 886 2391 968 princeps.

639 995 822 1059 Proh
852 993 1118 1079 Superi,
1149 1011 1302 1075 quae
1330 990 1480 1054 dira
1509 991 1739 1054 orbem
1771 988 2023 1054 deludit
2050 986 2372 1070 Erinnys!

637 1093 952 1159 Exieram
981 1094 1192 1169 miles,
1219 1092 1599 1155 tractabam
1625 1089 1860 1172 praelia
1887 1088 2145 1166 ductor,

635 1193 881 1260 Victor
908 1213 1124 1259 eram:
1171 1191 1290 1256 sed
1323 1211 1440 1256 cur
1467 1191 1615 1255 Eoo
1641 1188 1888 1253 blanda
1918 1189 2285 1271 triumpho,

2730 1188 2817 1251 50

636 1295 711 1362 Si
739 1302 1020 1360 moestos
1047 1295 1205 1360 laeto
1236 1292 1514 1370 reditus,
1545 1292 1861 1368 Fortuna,
1892 1290 2184 1374 parabas
2204 1291 2234 1353 Ἰ

637 1397 962 1482 Haeccipe
989 1402 1154 1480 post
1180 1399 1401 1461 tantos
1427 1393 1594 1458 mihi
1621 1392 1844 1457 debita
1870 1411 2123 1475 pompa
2151 1390 2417 1455 labores
2438 1392 2468 1454 Ἰ

635 1498 752 1561 Sic
780 1483 986 1568 metui
1014 1496 1166 1574 tibi,
1192 1491 1419 1578 Troja,
1454 1493 1619 1570 dari,
1653 1512 1807 1577 quae
1840 1492 1996 1557 laeta
2025 1491 2312 1575 parabas

635 1598 808 1662 Cum
838 1597 1044 1662 redii‘l
1128 1597 1334 1661 Saeva
1359 1595 1480 1660 illa
1509 1594 1679 1671 dieS,
1709 1613 2100 1677 semperque
2130 1590 2473 1674 gemenda,

638 1698 798 1777 Qua
824 1697 1046 1763 reduci
1073 1696 1356 1781 primum
1384 1695 1626 1778 patriae
1657 1695 2093 1759 moestissima
2122 1693 2353 1757 clades

634 1796 830 1876 Visa,
858 1798 1089 1863 andita
1119 1797 1358 1862 simul:
1402 1797 1667 1873 meliuS,
1691 1796 1884 1880 quem
1915 1794 2224 1873 fecimus,
2249 1793 2487 1871 hostis,

633 1897 776 1964 Aut
801 1900 908 1964 cui
938 1899 1156 1965 factus
1183 1917 1383 1975 eram,
1411 1897 1821 1964 vitamhanc
1854 1902 1953 1961 tot
1980 1897 2203 1961 tristia
2233 1915 2505 1979 passam

633 2000 963 2084 Rupisset
991 2000 1235 2083 gladio.
1322 2000 1694 2082 Sceptrone
1723 2006 1795 2063 et
1822 1997 2105 2063 culmine
2134 1999 2315 2080 regni

634 2101 853 2166 Dulce
877 2101 1005 2166 frui
1025 2102 1055 2164 Ἰ
1144 2101 1285 2181 Sic,
1313 2101 1415 2165 sic
1444 2101 1706 2165 fratrum
1736 2101 2083 2184 patrisque
2109 2101 2415 2183 peremti,

635 2201 751 2266 Sic
779 2208 986 2286 raptae
1011 2220 1260 2267 memor
1289 2202 1630 2267 Hesiones
1651 2204 1681 2266 Ἰ
1726 2203 2135 2267 miserescite
2164 2201 2385 2284 magni

2719 2201 2813 2266 60

1611 2397 1830 2450 NOTAE

631 2530 728 2580 bus
749 2528 812 2578 ad
832 2526 1227 2578 misericordiam
1247 2526 1398 2576 rebus
1423 2524 1685 2577 adversis?

629 2605 783 2655 Philo
809 2604 944 2655 libro
966 2603 1034 2653 de
1061 2603 1262 2668 judice,
1295 2600 1432 2653 ἔλεος
1461 2602 1535 2651 ἐπ’
1571 2601 1685 2651 Cim-v·

628 2679 858 2744 χήμασιν,
888 2695 942 2745 p.
967 2684 1082 2731 5⁷⁷.
1147 2680 1499 2730 Philostratus
1521 2678 1681 2728 etiam

628 2758 784 2819 acite,
814 2755 918 2806 ὅσοι
960 2756 1022 2806 ἃν
1064 2754 1378 2813 κοινωνήσωσι
1412 2756 1681 2817 συμφορόνρ

628 2834 878 2895 lvere-rw
887 2831 1150 2895 ἂλλῆλους,
1169 2830 1257 2879 τὸν
1277 2830 1418 2881 ἔλεον
1434 2830 1523 2879 τοῦ
1543 2828 1681 2879 ἐλέου

628 2906 954 2970 &nessus-res,
969 2908 1020 2956 in
1038 2907 1299 2968 Hernicis,
1319 2922 1370 2971 p.
1391 2910 1504 2957 656.
1539 2905 1678 2956 Rhe·

629 2988 772 3033 tores
795 2996 998 3047 quoqne
1020 2996 1135 3031 cum
1155 2981 1317 3031 Fabio
1340 2981 1515 3031 aiunt‘
1539 2980 1682 3031 favo-

627 3070 738 3107 rem
761 3057 1069 3106 naturaliter
1104 3071 1198 3119 pro
1235 3070 1325 3106 reo
1362 3055 1534 3107 facere
1557 3054 1603 3106 ε’
1625 3060 1682 3106 et

629 3132 794 3183 Gaius
819 3133 892 3184 D.
920 3132 988 3182 de
1027 3146 1137 3197 reg.
1160 3132 1294 3196 juris
1311 3137 1393 3183 25.
1423 3135 1440 3162 ‘
1460 3134 1680 3182 Favora-

628 3208 838 3258 biliores
870 3208 947 3258 rei
969 3209 1160 3273 potius,
1192 3223 1344 3273 quam
1377 3215 1580 3259 actores
1603 3210 1679 3259 vi·

627 3283 849 3337 dentur.’
903 3285 1096 3335 Causas
1119 3285 1194 3335 rei
1216 3285 1373 3335 habes
1391 3282 1528 3349 apud
1543 3285 1678 3349 prin-

626 3361 672 3411 ci
678 3376 794 3425 pem
821 3360 1261 3425 Philosophorum,
1277 3362 1434 3411 Rhet.
1446 3368 1500 3411 et
1511 3362 1678 3423 probi.

623 3446 756 3487 xm.
771 3440 854 3486 29.
889 3436 1165 3486 Phocionis
1187 3437 1314 3487 illud
1338 3438 1403 3487 de
1419 3436 1601 3486 favore
1623 3442 1679 3487 et

625 3511 979 3562 misericordia
1001 3518 1082 3562 est
1104 3512 1329 3577 insignez
1364 3514 1464 3563 οὔτ’
1486 3515 1536 3576 ἐξ
1557 3514 1681 3577 ἱεροῦ

623 3587 803 3651 βωμὸν,
836 3588 936 3638 οὔτ’
975 3589 1030 3639 ἐκ
1061 3591 1150 3649 τῆς
1180 3590 1465 3655 ἀνθρωπίνης
1495 3589 1683 3653 φύσεως

621 3663 903 3729 ἀφαιρετέον
919 3664 1010 3714 τὸν
1024 3664 1174 3717 ἔλεον.
1237 3666 1382 3716 stab.
1403 3666 1568 3715 Serm.
1583 3678 1636 3714 ι..

682 3746 750 3791 44
783 3742 1015 3791 Tamirim
1033 3742 1120 3802 sic,
1155 3742 1302 3806 Cyre,
1320 3739 1547 3803 rogabas]
1577 3740 1677 3790 Το-

623 3815 782 3879 myris
827 3823 909 3866 est
941 3817 1170 3867 Graecisz
1209 3815 1332 3866 item
1371 3816 1573 3865 Tibullo
1596 3828 1675 3865 ιν.

1760 2526 2051 2589 Xenophon
2094 2528 2145 2576 iu
2176 2527 2369 2578 lectulo
2406 2542 2499 2577 suo
2552 2530 2809 2577 mortuum

1762 2603 1965 2668 scribit,
1981 2604 2064 2653 vel
2076 2602 2225 2668 fingit
2242 2605 2433 2668 potius,
2449 2617 2576 2653 vur-
2609 2604 2811 2653 Philos-

1763 2687 1929 2730 tratus
1955 2681 2028 2729 'in
2073 2681 2285 2731 Heroic.
2316 2682 2391 2731 ait
2425 2682 2564 2745 Cyro
2603 2694 2670 2731 ex
2708 2680 2811 2731 Or-

1760 2755 1877 2818 phei
1915 2756 2084 2818 capite
2116 2756 2357 2806 Lesbium
2396 2757 2656 2805 oraculum
2695 2770 2831 2807 esse„

1760 2829 1953 2890 datum,
1965 2830 2031 2879 τὰ
2052 2830 2159 2893 ἐμὰ,
2178 2828 2214 2879 ὃ
2234 2832 2373 2894 Κῦρε,
2404 2830 2485 2879 σά.
2550 2831 2718 2893 Cyrus
2742 2832 2809 2880 ad

1759 2907 2023 2969 regionem
2062 2908 2348 2970 transtulit,
2384 2905 2518 2971 qnod
2545 2905 2610 2956 ad
2646 2921 2809 2971 genus

1758 2982 1938 3031 mortis
1977 2979 2315 3031 referebatur.
2379 2979 2536 3033 Quod
2557 2994 2680 3031 vero
2706 2982 2829 3045 Cy·-

1759 3072 1847 3107 rus
1906 3058 2152 3122 Tomyrin
2194 3056 2403 3120 rogarit,
2440 3057 2643 3106 illorum
2686 3059 2809 3108 nihil

1761 3133 2058 3183 Herodotus
2076 3140 2130 3183 et
2152 3133 2426 3185 Diodorus.
2490 3133 2701 3197 Ingenti
2724 3149 2811 3184 ve·

1758 3224 1817 3259 ro
1845 3208 2175 3273 ἂναχρονισμῷ
2194 3210 2382 3273 Cyrum
2413 3208 2551 3259 bello
2584 3208 2807 3274 Trojano

1758 3285 2093 3349 antiquiorem
2132 3284 2274 3335 facit.
2336 3284 2441 3335 Sed
2476 3285 2610 3335 hanc
2644 3285 2806 3336 licen-

1757 3358 1882 3409 tiam
1904 3358 2133 3422 προλήψει
2148 3367 2395 3409 excusant
2412 3358 2612 3410 Poetae.
2666 3358 2809 3409 Vide

1758 3434 1948 3497 Scalig.
1967 3448 2055 3483 ιιι.
2071 3432 2222 3483 Poe‘t.
2237 3437 2319 3483 4⁹.
2350 3435 2587 3485 vossium
2602 3436 2653 3485 iu
2673 3436 2821 3485 Rhe-r

1758 3509 1937 3559 toricis
1981 3522 2033 3558 v.
2079 3513 2128 3559 8.
2211 3510 2336 3559 Tale
2373 3510 2496 3574 quid
2534 3511 2586 3561 iu
2616 3511 2808 3575 Sopho·

1759 3585 1840 3634 cle
1896 3585 2028 3634 illius
2082 3584 2297 3635 Graecus
2348 3586 2605 3649 interpres
2659 3592 2808 3637 notat

1759 3660 1909 3711 initio
1928 3661 2309 3712 Trachiniarum
2331 3666 2444 3714 680.
2496 3664 2687 3714 Posset
2709 3664 2805 3713 eti-

1759 3751 1839 3786 am
1886 3738 2129 3804 ἑπεμβολῇ
2164 3738 2251 3789 ille
2294 3752 2474 3789 versus
2510 3739 2705 3790 includi
2749 3746 2805 3789 et

1758 3816 2055 3880 cancellari,
2094 3830 2155 3866 ac
2196 3816 2237 3865 si
2271 3815 2453 3866 Po’e'toe
2490 3817 2806 3867 attribuatur

621 3895 638 3920 ⁴³
653 3904 748 3941 nec
785 3906 887 3957 qua
909 3905 1068 3955 regna
1092 3904 1223 3953 vago
1243 3890 1482 3955 Tomyris
1505 3888 1677 3939 finivit
1752 3888 1840 3939 illa
1862 3890 2181 3955 comparatio
2203 3905 2317 3941 cum
2340 3891 2640 3956 ἀποστροφῇ.

620 3964 830 4017 Araxe.
895 3966 1051 4017 Circa
1071 3980 1193 4015 vero
1217 3965 1410 4016 obitum
1444 3966 1568 4030 Cyri
1593 3981 1675 4016 va-

1816 3970 1882 4016 56
1914 3966 2110 4028 Melius,
2130 3982 2265 4030 quem
2280 3966 2502 4029 fecimus,
2526 3966 2693 4031 hostis,
2717 3974 2803 4019 aut

620 4042 789 4091 riant:
825 4042 1025 4094 Herod.
1063 4043 1115 4093 in
1153 4040 1256 4092 fine
1293 4042 1484 4098 Cleius,
1528 4043 1672 4093 illurn
1748 4041 1828 4095 cui
1850 4042 2017 4105 factus
2051 4042 2203 4106 erum]
2258 4042 2357 4092 His
2408 4042 2640 4107 Grecos,
2698 4042 2801 4097 illis

615 4116 672 4167 in
687 4116 798 4167 acie
815 4119 1055 4175 occisum,
1079 4119 1222 4169 vult·
1243 4116 1397 4169 Diod.
1417 4118 1579 4168 Sicul.
1609 4134 1671 4170 ιι.
1752 4120 1889 4171 Eoos
1912 4120 2144 4185 Phrygas
2162 4120 2349 4184 signat.

617 4194 792 4243 vivum
817 4200 1026 4256 captum
1055 4202 1109 4246 et
1141 4194 1190 4245 in
1213 4210 1422 4247 crucem
1456 4204 1664 4247 acturuz
