3173 4957
919 431 1015 478 ns
1064 430 1301 480 nunno
1350 427 1696 478 TROJANO
1743 433 1898 481 ΜΒ.
1947 435 2044 480 νι.
2431 420 2562 486 565

380 571 565 635 Hinc
598 589 866 634 somnus
895 570 1077 652 vigil,
1105 570 1257 635 inde
1284 569 1545 636 odium:
1591 573 1908 655 nulloque
1939 575 2218 638 rebelles

376 672 777 755 objectante
806 691 1065 748 manus,
1092 670 1351 736 ferienti
1380 673 1583 756 copia
1609 674 1858 738 dextrae

377 773 727 852 Delegisse
755 793 1011 851 necem,
1036 774 1448 856 jugula-mne,
1478 793 1559 838 an
1591 779 1856 857 pectuS,
1889 795 1976 840 an
2008 796 2130 840 ora
2433 779 2563 846 775

302 919 309 925 -
376 873 705 956 Occupet,
736 879 853 938 aut
881 881 1155 938 cunctos
1182 877 1253 938 in
1285 875 1559 940 vulnera
1589 883 1930 958 computet
1958 885 2168 944 artus.

461 973 562 1038 At
590 974 836 1057 quibus
866 976 937 1038 in
966 995 1233 1040 mensas
1262 976 1485 1041 noctis
1516 977 1906 1059 productior
1934 999 2117 1053 usus,

374 1074 523 1139 Aut
549 1075 772 1139 verbis
802 1077 1083 1158 vigilata
1110 1081 1329 1160 quieS,
1358 1079 1674 1159 vulgante
1704 1081 1984 1144 tumultu

375 1175 561 1239 Urbe
589 1175 719 1239 frui
750 1177 1053 1256 Danaos,
1084 1186 1205 1242 aut
1234 1179 1399 1244 visis
1428 1179 1714 1261 ignibuS,
1743 1199 1925 1244 arma

375 1275 755 1340 Defensura
782 1284 1037 1360 parant,
1067 1278 1184 1342 sed
1212 1279 1499 1345 flammis
1529 1280 1819 1363 undique
1849 1283 2032 1365 septi
2433 1282 2562 1350 780

373 1376 791 1461 Praereptum
820 1381 1139 1446 mirantur
1164 1383 1325 1447 iter:
1369 1381 1749 1466 frustraque
1767 1389 2093 1466 parantes

374 1481 699 1546 Incensos
728 1482 917 1546 exire
937 1482 1138 1560 lares,
1167 1483 1531 1567 asperrima
1559 1484 1779 1565 questi

374 1585 667 1663 Funera,
695 1585 1069 1649 consumtis
1106 1586 1355 1667 pariter
1384 1585 1760 1650 moriuntur
1787 1585 1858 1649 in
1890 1586 2111 1650 armis.

458 1685 833 1770 Expediam
864 1686 1085 1750 caedes
1111 1688 1141 1751 ‘t
1186 1697 1257 1752 et
1286 1686 1545 1768 singula
1572 1686 1718 1752 fata
1745 1687 2132 1750 revolvam?

372 1787 507 1852 Sed
532 1788 815 1864 tenebris
841 1789 1097 1852 latuere
1124 1806 1387 1863 manus,
1418 1786 1537 1850 sed
1565 1793 1758 1850 nocte
1789 1790 2088 1869 peremti,
2432 1785 2563 1850 785

371 1889 510 1954 Sed
543 1889 781 1971 premit
808 1889 1185 1952 umbratam
1214 1896 1543 1953 nocturna
1568 1889 1840 1950 inscitia
1864 1887 2158 1950 Musam.

460 1991 748 2070 Fugerat
776 1989 1133 2070 amplexus
1163 2008 1315 2054 aras
1345 1995 1413 2052 et
1436 1988 1686 2072 templa
1712 1987 2049 2051 Tonantis

369 2089 622 2154 Infelix
646 2090 983 2166 Priamus,
1012 2109 1135 2154 nec
1160 2091 1338 2154 enim
1366 2090 1619 2154 fiducia
1643 2089 1900 2154 dextrae
1926 2109 1943 2152 ε

370 2192 688 2256 Cesserat
711 2190 813 2254 ira
842 2197 1039 2268 metu,
1070 2211 1314 2273 magno
1343 2198 1566 2256 tamen
1597 2189 1840 2254 arduus
1871 2209 2010 2265 ore,

370 2292 529 2357 Non
560 2310 785 2375 prece,
814 2312 945 2355 non
972 2292 1307 2376 lacrymis,
1334 2311 1473 2357 non
1502 2293 1697 2356 vultu
1725 2292 2032 2375 supplice
2062 2309 2277 2373 regem
2427 2291 2558 2358 790

368 2392 792 2460 Dedecorat:
837 2395 951 2456 cui
981 2393 1281 2474 Pyrrhus
1312 2400 1552 2458 atrox:
1600 2391 1948 2460 Reddisne
1989 2391 2302 2473 Pelasgis

369 2496 758 2578 Spartanae,
785 2494 1097 2559 reddisne
1122 2514 1330 2559 nurus
1352 2497 1381 2557 ‘t
1428 2514 1513 2557 an
1544 2494 1780 2576 praelia
1809 2494 2022 2557 mavis
2043 2494 2073 2555 'l

371 2598 462 2660 Et
488 2595 775 2660 nondum
805 2596 1059 2660 bellare
1090 2596 1337 2658 times?
1384 2615 1497 2658 cur
1524 2596 1794 2674 stringis
1821 2594 2135 2669 eburnOS,

350 2698 525 2765 Diis
551 2698 790 2773 invise,
821 2696 1013 2759 Deos
1034 2697 1064 2759 ’ἲ
1108 2695 1349 2760 laesisti
1381 2695 1652 2758 numina
1681 2701 1936 2776 sponte,

368 2798 592 2879 Cogor
618 2798 686 2861 in
716 2797 1144 2879 exemplum:
1189 2796 1428 2873 cecidit
1455 2801 1646 2878 pater
1672 2794 1898 2859 hostia
1928 2792 2219 2869 Phoebo,
2421 2792 2552 2885 795

366 2898 605 2981 Tuque
634 2898 679 2962 J
684 2900 815 2964 ovi.
906 2897 1126 2976 Dixit,
1150 2896 1668 2979 indignatusque
1687 2892 1980 2978 jacentis
2545 2902 2552 2909 ”

1350 3143 1565 3193 NOTAE

429 3276 527 3322 776
562 3274 664 3323 Aut
686 3280 875 3323 cunctos
902 3274 953 3323 in
976 3276 1167 3323 vulnera
1187 3278 1419 3336 computet
1498 3287 1611 3320 mus
1631 3273 1880 3336 cujusque
1903 3273 2192 3334 colebatur,
2212 3288 2362 3336 quem
2396 3272 2550 3321 etiam

364 3349 521 3411 artus]
553 3350 721 3413 Supra
742 3355 855 3400 449.
870 3351 894 3367 “
1498 3346 1667 3395 Deum
1689 3348 2008 3410 penetralem
2027 3345 2392 3409 appellabant?
2427 3346 2552 3396 Die·

430 3428 524 3474 777
559 3426 631 3473 At
651 3426 816 3489 quibus
849 3427 902 3473 in
926 3440 1109 3475 mensus
1128 3426 1281 3474 noctis
1304 3440 1418 3487 pro·
1500 3432 1581 3487 tys
1604 3425 1835 3473 nominat
1868 3425 1884 3451 ⁸
1904 3424 2050 3475 Jovis
2085 3423 2350 3473 aedificalis
2374 3422 2555 3486 aram,’

363 3503 551 3551 ductim·
588 3502 721 3565 usus]
755 3503 857 3554 Qui
892 3504 1199 3566 intempesta
1243 3501 1417 3551 couvi·
1496 3500 1598 3565 (ita
1638 3503 1774 3550 enim
1802 3500 2084 3563 legendum
2121 3499 2211 3561 ibi,
2233 3512 2332 3547 non
2372 3503 2388 3526 ⁸
2411 3511 2555 3545 arma

365 3580 453 3629 via
484 3580 765 3644 agitabant.
827 3582 917 3629 Sie
962 3594 1119 3643 snpra
1158 3584 1240 3629 87.
1291 3579 1417 3628 ‘Ut-
1496 3574 1707 3640 Jovis‚’)
1723 3576 1844 3640 quia
1865 3576 1917 3623 in
1941 3572 2146 3623 aedificii
2171 3572 2440 3635 penetrali,
2461 3584 2552 3619 nn-

366 3670 469 3717 que
525 3670 619 3704 usu
677 3654 934 3717 producta
975 3656 1149 3703 Venus
1190 3654 1421 3717 meiere?
1498 3651 1565 3701 de
1582 3651 1851 3715 Virgilius,
1873 3648 2165 3721 ‘penetrali
2183 3648 2234 3697 in
2259 3648 2382 3697 sede
2404 3645 2439 3696 ε’
2471 3644 2550 3693 id-

367 3731 599 3792 Prosper
632 3729 872 3792 Aquitan.
908 3735 991 3779 68.
1038 3731 1054 3758 ‘
1081 3730 1293 3779 Gratim·
1337 3735 1420 3779 est
1498 3742 1595 3792 que
1618 3726 1753 3792 ἕρκος
1782 3727 1968 3776 innuit.
2033 3723 2426 3788 Tryphiodorus
2465 3732 2550 3769 ea*

364 3805 749 3868 fructus,quem
767 3819 885 3865 spes
904 3807 1202 3873 productior
1219 3806 1365 3855 edit!
1498 3803 1616 3851 dem
1643 3818 1760 3867 quae
1797 3802 1992 3850 Noster
2021 3798 2286 3858 describit,
2319 3804 2373 3844 et
2397 3796 2551 3845 Coin-

430 3884 527 3929 778
562 3879 666 3929 Aut
696 3879 848 3927 verbis
882 3880 1083 3939 vigilata
1121 3882 1276 3944 quies]
1310 3880 1417 3932 Qui
1502 3886 1588 3928 tus
1607 3892 1733 3928 xm.
1753 3882 1867 3928 642.
1929 3874 2136 3940 Ἐρκαίον
2155 3874 2264 3923 ποτὶ
2285 3871 2462 3933 βωμόν.

368 3956 625 4020 colloquio
640 3968 866 4003 somnum
886 3954 1225 4017 protulerant.
1561 3960 1658 4006 ⁷93
1695 3956 1796 4005 Cur
1837 3955 2036 4016 stringis
2065 3952 2280 4015 eburnos,
2320 3951 2436 4000 Diis
2474 3950 2550 3995 in·

430 4035 525 4079 787
560 4033 773 4093 Fugerat
816 4032 1055 4092 amplexus
1085 4046 1193 4079 aras
1222 4037 1271 4080 ee
1306 4037 1417 4080 tem·
1497 4034 1618 4094 vise,
1641 4031 1794 4095 Deos]
1829 4031 1966 4080 Vide
1985 4044 2064 4079 ιν.
2096 4033 2210 4077 190.
2278 4028 2424 4075 Deos
2459 4040 2548 4074 au-

365 4104 451 4168 pln
496 4104 721 4155 Tonantis
750 4104 935 4167 Infelix
958 4104 1206 4170 Priamus]
1263 4108 1419 4156 Aram
1497 4116 1604 4158 tem
1640 4108 1872 4156 nominat
1902 4107 1918 4133 ‘
1943 4102 2201 4163 eburnos‚'
2223 4103 2344 4165 quia
2375 4100 2550 4163 imagi·

368 4194 557 4243 nempe
574 4180 721 4231 Jovis
746 4181 968 4232 Hercoei.
1006 4182 1415 4232 Festusz‘Her·
1496 4198 1586 4234 nes
1627 4185 1854 4232 Deorum
1911 4179 1992 4229 vel
2050 4177 2216 4226 tutela
2265 4177 2318 4225 in
2364 4175 2550 4236 capulo

368 4271 507 4306 coeus
543 4257 751 4322 Jupiter
794 4259 931 4309 intra
974 4267 1281 4323 conseptum
1326 4259 1416 4308 do-
1496 4260 1740 4309 eburnea.
