3173 4957
579 397 711 461 464

582 554 881 619 Credidit
908 574 1057 621 esse
1090 555 1322 616 Deest
1366 550 1708 635 sterilique
1739 571 2014 617 reversa
2040 552 2297 631 favore,

968 410 1276 460 Josnrffl
1329 408 1580 459 iscam
1635 408 1732 457 DE·
1783 410 2024 457 BELLO
2073 408 2444 459 'rito-isui.

2642 557 2776 621 470

582 655 738 719 Diis
766 656 965 719 urbes
992 657 1202 731 auxit,
1232 654 1423 717 thure
1458 672 1633 731 arae,
1665 672 1994 719 marmore
2021 655 2294 736 templa.

666 758 782 821 Sic
813 756 1161 823 Britouum
1192 755 1475 821 ridenda
1498 754 1692 830 fideS,
1711 762 1777 818 et
1799 755 2110 825 credulus
2137 770 2318 821 error

582 856 896 925 Arturum
927 865 1270 941 expectat,
1292 858 1818 943 expectabitque
1850 876 2161 940 perenne.

1560 1057 1782 1109 NOTAE

642 1170 740 1219 »¹⁷2
760 1169 847 1217 Sic
859 1168 1120 1219 Britannum
1130 1170 1457 1236 videndafldes
1476 1176 1636 1221 otere-

577 1245 715 1293 dulus
726 1258 874 1306 mor,
888 1243 1124 1295 Arearum
1135 1246 1375 1309 expectat]
1392 1246 1636 1302 Arturus,

580 1318 669 1366 ille
691 1316 1058 1368 Britannorum
1092 1314 1280 1368 fabulis
1310 1319 1637 1384 πολυθρύλλη·

576 1412 679 1454 τος,
703 1394 755 1442 in
778 1395 886 1443 acie
909 1408 1011 1443 non
1021 1396 1286 1458 cecidisse,
1302 1396 1395 1446 sed
1411 1396 1637 1446 subdux—

579 1469 683 1517 isse
705 1482 761 1518 se
784 1466 1085 1533 putabatur,
1097 1472 1203 1531 jam
1226 1473 1441 1537 jamque
1465 1486 1634 1520 rever·

580 1558 747 1593 surus.
784 1544 885 1595 Hic
902 1554 985 1595 est
1007 1547 1113 1607 ille,
1136 1548 1201 1596 de
1226 1564 1328 1611 quo
1356 1548 1636 1599 incredibi-

580 1619 647 1667 lia
666 1619 883 1683 fingunt,
904 1621 1041 1685 quod
1064 1620 1330 1671 Malfredo
1351 1622 1638 1672 Monoemu-

582 1695 715 1744 tensi
753 1695 1060 1747 ascribitur:
1097 1698 1235 1761 quod
1258 1707 1311 1747 et
1330 1699 1476 1749 Guil.
1496 1699 1637 1749 Nen-

582 1770 834 1831 brigensis
856 1761 1113 1822 concedit.
1144 1773 1267 1825 Joh.
1285 1776 1539 1826 zelandus
1557 1783 1636 1825 ta-

580 1842 697 1893 iuen
721 1854 905 1895 contra
923 1846 1063 1899 Guil.
1081 1850 1327 1913 Parvum,
1349 1852 1457 1901 veri
1478 1849 1635 1901 fidem

578 1923 677 1970 illis
700 1923 903 1973 astruit.
949 1924 1082 1975 Vide
1106 1927 1335 1977 Annales
1366 1928 1634 1993 AnglicoS.

579 1999 825 2062 Polydor.
848 2000 997 2065 Virg.
1022 2014 1115 2051 xv.
1156 2001 1502 2054 Buchananns
1522 2006 1638 2054 liaec

580 2076 645 2123 de
666 2074 893 2125 Artnro:
932 2082 948 2105 ⁸
974 2076 1286 2127 Concursum
1311 2089 1392 2129 est
1410 2080 1637 2143 ingenti·

578 2149 675 2198 bus
699 2151 899 2208 animis,
935 2151 1027 2200 sed
1063 2152 1322 2203 Modredo
1348 2162 1404 2205 et
1441 2153 1637 2205 confoe·

580 2225 775 2274 deratis
807 2226 1001 2290 (Scotis
1038 2235 1095 2277 et
1127 2226 1321 2292 Pictis)
1353 2228 1455 2277 duo
1489 2228 1637 2278 fuere

580 2299 790 2362 auxilio,
814 2300 956 2349 locus
979 2301 1031 2348 in
1054 2301 1226 2349 medio
1250 2303 1497 2366 paluster,
1519 2302 1638 2350 Bri-

580 2372 750 2421 tannis
786 2374 1007 2423 transitu
1045 2373 1283 2437 difficilis,
1325 2384 1380 2425 et
1425 2378 1478 2426 in
1522 2378 1635 2442 ipso

581 2461 767 2512 pugnae
814 2447 999 2499 ardore
1032 2449 1359 2515 subornatus,
1396 2452 1483 2517 qui
1520 2453 1635 2503 Bri-

469 2521 485 2534 *
580 2533 732 2574 tones
764 2531 1017 2587 moneret,
1050 2533 1107 2575 nt
1142 2527 1334 2576 Artnro
1368 2542 1523 2591 caeso,
1555 2543 1636 2578 re-

577 2599 673 2648 bus
703 2599 939 2663 perditis,
960 2617 1064 2652 suae
1087 2602 1299 2668 quisque
1333 2603 1485 2653 saluti
1516 2618 1637 2653 con-

578 2675 788 2725 suleret.
823 2675 901 2726 Ea
923 2690 1021 2725 vox
1046 2679 1097 2725 in
1119 2675 1292 2748 fugem
1310 2680 1425 2728 illos
1452 2680 1636 2730 vertit:

576 2762 763 2814 magna
787 2758 960 2800 tamen
984 2752 1155 2802 caedes
1188 2755 1453 2819 utriusque
1477 2756 1638 2818 partis

578 2823 759 2874 facta:
813 2825 1030 2875 victoria
1086 2827 1283 2878 neutris
1330 2829 1461 2882 laeta
1504 2827 1635 2879 fuit=

578 2913 713 2948 caeso
756 2900 822 2948 ab
867 2901 1031 2949 altera
1070 2909 1218 2964 parte
1256 2903 1533 2972 Modredo,
1570 2905 1638 2955 ab

580 2975 747 3022 altera
765 2971 929 3023 fratre
945 2975 1057 3038 ejus
1077 2975 1300 3025 Galvino
1316 2995 1332 3038 ς
1369 2985 1521 3046 atque
1539 2977 1638 3028 Ar-

578 3055 697 3096 tnro
719 3047 979 3098 lethaliter
1002 3050 1286 3099 vulnerato.
1353 3051 1638 3121 Non-igno·

580 3137 657 3184 ro,
691 3135 809 3186 quae
844 3123 909 3171 de
948 3124 1054 3172 vita
1089 3132 1144 3174 et
1183 3127 1565 3196 morte‘Arturi
1604 3145 1636 3179 a

578 3197 753 3247 multis
767 3197 998 3249 fabulose
1016 3199 1303 3264 tradantur,
1319 3201 1409 3250 sed
1426 3203 1635 3268 indigna

579 3274 748 3321 relatu
780 3281 918 3336 sunt,
950 3280 1005 3323 et
1048 3274 1145 3323 viri
1179 3275 1449 3327 clarissimi
1483 3280 1634 3328 rebus

580 3351 742 3412 gestis
764 3351 1006 3401 tenebras
1029 3351 1318 3404 offundunt.
1362 3356 1494 3405 Nam
1514 3357 1635 3406 dum

580 3431 685 3476 tam
710 3436 1067 3477 asseveranter
1089 3429 1358 3479 mendacia
1380 3429 1635 3480 affirman-

578 3509 685 3562 tur,
706 3514 848 3564 saepe
869 3503 1061 3552 veritas
1096 3505 1147 3553 in
1171 3505 1380 3554 dubium
1405 3514 1634 3557 vocatur.

580 3576 701 3626 Fuit
732 3583 879 3626 certe
910 3578 987 3627 vir
1024 3594 1260 3644 magnus,
1298 3589 1353 3631 et
1389 3583 1633 3646 singulari

578 3649 883 3701 fortitudine
904 3660 962 3702 et
983 3657 1205 3703 caritate
1220 3657 1272 3704 in
1294 3658 1531 3720 patriam,
1550 3659 1635 3708 vel

579 3725 698 3775 dum
720 3741 839 3776 suos
864 3742 895 3776 a
914 3728 1165 3777 servitute
1196 3731 1401 3794 liberat,
1425 3733 1506 3780 vel
1526 3735 1636 3782 cul-

580 3810 688 3851 tum
712 3801 811 3850 Dei
833 3801 1091 3852 sincerum
1116 3812 1346 3866 revocat,
1383 3807 1463 3854 vel
1488 3807 1634 3857 vitia-

582 3882 691 3925 tum
709 3877 955 3928 restitnit.
1025 3877 1157 3928 Haec
1196 3893 1288 3926 nos
1325 3879 1390 3928 de
1425 3895 1637 3945 genere,

646 4060 670 4089 ι
868 4088 883 4104 ο

642 4129 669 4165 ⁴¹
704 4053 865 4198 ³3⁸0}
883 4147 1210 4200 quemcumque
1224 4133 1457 4198 priorum.

1076 4055 1097 4086 ὓ
1132 4055 1304 4104 Deest
1320 4055 1531 4120 aliquid,
1550 4059 1636 4108 vel
1659 4059 1934 4122 legendum
1955 4065 2093 4126 quod.

1715 1168 1826 1219 vita
1847 1176 1902 1218 et
1923 1175 2090 1219 morte
2111 1168 2242 1231 ejus,
2261 1166 2494 1230 pluribus
2523 1180 2674 1232 qnam
2695 1168 2774 1218 iu·

1717 1245 1887 1295 stituti
1912 1244 2044 1293 ratio
2080 1242 2350 1307 poscebat,
2386 1256 2558 1291 sumus
2596 1256 2774 1306 prose·

1716 1321 1845 1381 cuti,
1869 1326 1925 1369 ut
1948 1320 2131 1384 quibus
2152 1331 2255 1367 non
2279 1317 2544 1366 universas
2563 1316 2773 1367 Britan-

1719 1410 1896 1446 norum
1921 1409 2004 1444 res
2028 1400 2196 1458 gestas
2223 1392 2516 1457 complecti,
2539 1392 2630 1441 sed
2654 1404 2772 1457 par-

1718 1472 1810 1521 tim
1851 1471 1917 1521 ab
1955 1471 2224 1521 oblivionis
2269 1468 2480 1533 injuria,
2516 1469 2704 1531 partim
2739 1482 2776 1519 a

1715 1546 1964 1597 fabulosis
2001 1546 2133 1599 male
2167 1543 2473 1595 feriatorum
2510 1542 2772 1593 hominum

1716 1620 2034 1677 commentis,
2063 1634 2146 1668 res
2180 1624 2354 1683 gestas
2386 1624 2579 1667 nostrae
2603 1618 2771 1681 gentis

1713 1698 1934 1747 liberare
1967 1694 2071 1745 fnit
2101 1692 2441 1759 propositum.
2491 1686 2776 1742 In'Arturi

1719 1758 1842 1824 vero
1865 1773 2020 1823 rebus
2042 1770 2365 1836 longiuscule
2391 1782 2563 1819 sumus
2595 1767 2774 1818 immo-

1715 1851 1838 1913 rati,
1864 1848 2003 1914 qnod
2042 1845 2276 1911 plerique
2313 1858 2422 1906 eas,
2451 1843 2643 1907 partim
2682 1857 2773 1907 per

1715 1924 1958 1973 invidiam
1982 1922 2134 1971 nimis
2158 1933 2333 1985 parce,
2355 1919 2544 1982 partim
2569 1931 2664 1981 per
2688 1931 2752 1967 va

1716 2000 1933 2049 nitatem
1954 1998 2108 2048 nimis
2131 1994 2344 2045 verbose
2363 2001 2760 2058 persequantur.

1718 2074 1852 2125 Haec
1873 2075 2233 2126 Buchananus.
2280 2071 2414 2121 Vide
2445 2070 2605 2121 etiam
2638 2069 2776 2121 Hoc·

1715 2157 1880 2200 torem
1915 2150 2190 2199 Boethium
2214 2162 2287 2198 ix.
2317 2146 2551 2210 inprimis
2587 2146 2774 2195 Camb-

1717 2225 1903 2274 denum
1926 2226 1977 2274 in
2001 2240 2093 2274 sua
2114 2224 2304 2288 Anglia
2326 2226 2441 2272 128.
2473 2229 2531 2271 et
2553 2225 2662 2271 160.
2683 2222 2772 2270 ubi

1718 2298 1962 2349 Auctoris
1985 2300 2149 2349 nostri
2175 2312 2352 2349 versus
2375 2298 2597 2347 recitat:
2626 2296 2643 2324 ⁸
2659 2295 2774 2345 Nec

1715 2374 1806 2425 abs
1841 2390 1898 2424 re
1931 2375 2051 2437 erit,
2087 2375 2131 2423 si
2165 2389 2282 2439 quae
2317 2371 2570 2435 Josephus
2602 2381 2778 2419 noster

1717 2450 1950 2503 Iscanns'
1973 2449 2163 2518 (verba
2180 2458 2300 2501 sunt
2313 2446 2621 2513 cambdeni)
2639 2448 2656 2476 ⁸
2672 2460 2774 2500 non

1718 2528 1784 2576 de
1817 2528 2010 2593 populo
2044 2526 2215 2576 Poeta
2250 2526 2370 2575 olim
2393 2523 2444 2573 in
2480 2539 2569 2573 sua
2591 2523 2775 2574 Antio·

1717 2603 1919 2660 cheide.
1959 2603 2012 2651 in
2050 2601 2300 2652 Arturnm
2334 2599 2543 2660 cecinit,
2576 2597 2660 2648 hic
2687 2599 2774 2647 ad·

1710 2679 1959 2746 jungam:
2002 2681 2018 2706 ‘
2042 2678 2183 2727 Hinc
2226 2673 2420 2725 celebri
2462 2671 2596 2735 fato,
2634 2672 2773 2723 felici

1718 2753 1909 2804 claruit
1932 2761 2068 2808 ortu,
2084 2752 2204 2801 Flos
2221 2763 2415 2815 regum,
2429 2749 2671 2812 Artnrus,
2688 2764 2772 2798 cu-

1708 2829 1799 2892 jus
1818 2835 1968 2878 cum·
1988 2826 2132 2876 facta
2153 2825 2355 2889 stupori
2392 2821 2511 2873 Non
2547 2823 2772 2876 micuere

1717 2903 1916 2952 minus:
1954 2907 2095 2952 totus
2118 2900 2241 2966 quid
2255 2897 2280 2932 b
2297 2900 2350 2949 in
2365 2912 2492 2968 aure
2514 2899 2778 2962 voluptas,

1717 2977 1789 3029 Et
1822 2979 2012 3042 populo
2045 2977 2325 3042 plaudente
2363 2974 2554 3025 famas
2619 2975 2773 3025 Qnae-

1717 3066 1921 3117 cunque
1961 3049 2196 3117 piorum<¹
2235 3049 2465 3114 Inspice,
2511 3049 2773 3098 Pelaeume

1718 3127 2046 3178 commendat
2071 3125 2206 3175 fama
2226 3133 2536 3190 tyrannum;
2569 3125 2772 3188 Pagina

1716 3203 1981 3254 Caesareos
2023 3201 2253 3266 loquitur
2305 3199 2539 3250 Romana
2593 3197 2772 3248 trium-

1715 3280 1876 3342 phos3
1911 3278 2150 3328 Alcidem
2172 3277 2379 3328 domitis
2399 3275 2597 3326 attollit
2617 3275 2776 3338 gloria

1713 3356 1982 3404 monstris:
2031 3355 2133 3404 Sed
2182 3367 2280 3403 nec
2324 3353 2557 3418 pinetum
2613 3349 2776 3412 corili,

1714 3445 1814 3483 nec
1857 3431 2031 3481 sidera
2068 3431 2242 3480 Solem
2275 3429 2528 3494 AEquaut3
2564 3429 2774 3477 annales

1715 3505 1888 3555 Latios
1910 3506 2201 3571 Graiosque
2221 3505 2451 3568 revolve,
2474 3503 2658 3552 Prisca
2681 3516 2772 3567 pa-

1714 3594 1822 3629 rem
1868 3581 2057 3644 nescit,
2102 3582 2354 3646 aequalem
2397 3586 2610 3645 postera
2660 3579 2774 3627 nul·

1713 3657 1817 3705 lum
1834 3657 2160 3716 Exhibitura,
2181 3658 2308 3707 dies.
2365 3657 2538 3719 Reges
2561 3668 2772 3718 supere·

1715 3732 1876 3781 minet
1899 3746 2075 3782 omnes
2090 3732 2549 3797 Solus,proeteritis
2573 3730 2774 3792 melior,

1715 3805 1979 3870 majorque
2001 3805 2254 3859 futuri-P

2286 4070 2308 4097 ⁰
2343 4063 2524 4117 Fauor.

1706 4139 1953 4194 Pellam.
