3173 4957
573 341 702 404 5236

1353 353 1659 402 JoSnPffl
1710 353 1925 402 IScAN
1940 353 1963 400 1
1994 367 2003 386 '-

572 497 744 561 Mox
777 496 1019 578 premit
1044 493 1524 578 Ascalaphum,
1551 498 1684 561 ruit
1700 496 1814 561 ille
1838 498 1905 559 in
1927 502 2133 578 ter-ga,
2163 515 2285 561 nec
2300 499 2582 564 hastam

571 597 946 680 Expectat,·
961 596 1268 679 fallitque
1303 599 1745 672 manum‚-sed
1776 597 2079 661 fraxinus
2107 598 2311 662 ictum

574 699 772 762 Sicca
797 698 1012 762 redire
1041 717 1288 779 negans
1317 697 1584 779 reperit,
1616 687 1891 781 figitque
1910 696 2207 780 jugalem

569 798 974 881 Implicitam
1007 797 1314 862 domino:
1347 798 1621 861 trahitur
1652 797 2092 861 retinentibus
2124 797 2238 860 ille

2624 699 2768 764 260
2800 723 2807 732 .

573 898 1014 976 ScansilibuS,
1035 907 1328 982 potoque
1355 899 1530 980 perit
1559 899 1627 962 in
1658 899 1972 982 sanguine
2000 915 2277 962 mersus,

1555 1114 1769 1168 NOTAE

573 1231 784 1280 οὐδέποτ’
801 1232 932 1282 ἔστιν
943 1231 1218 1295 Ἐκφυγέειν
1232 1232 1398 1282 ὁπόσοι
1416 1235 1510 1292 ’γῆν
1523 1235 1619 1282 ἑπι-

573 1306 853 1368 φερβόμεθα.
921 1309 1034 1357 Liv.
1080 1322 1118 1358 1.
1153 1311 1168 1338 ‘
1195 1307 1291 1358 fati
1328 1309 1620 1358 ,necessitas

569 1384 804 1432 humanis
826 1384 1050 1433 consiliis
1072 1385 1237 1448 rumpi
1275 1399 1376 1433 non
1414 1384 1621 1448 potest.'

571 1457 808 1507 Phalaris
847 1461 1016 1521 Epist.
1038 1464 1119 1509 37.
1152 1458 1397 1522 εἱμαρμένη
1432 1459 1525 1518 οὐχ
1547 1459 1621 1507 ὑπ’

573 1533 810 1594 ἀνθρώπου
824 1537 1156 1594 νομοθετεῖται.
1189 1537 1448 1585 Pindarus
1467 1536 1626 1597 Pytn.

573 1611 677 1661 Od.
703 1624 805 1661 xu.
841 1611 959 1672 τόγε
991 1611 1214 1674 μόρσιμον
1250 1613 1304 1660 οὗ
1336 1611 1625 1674 πάρφυιιτον.

572 1686 986 1749 'theophylactus
1006 1689 1174 1751 Epist.
1196 1693 1242 1736 2.
1267 1686 1464 1745 ἀνόητον
1481 1685 1626 1735 ὅντως

571 1759 631 1808 τὸ
667 1759 824 1821 ζητεῖν
855 1761 1074 1814 ἀδύνατα.
1131 1769 1145 1792 ‘
1177 1762 1410 1812 Arduum
1445 1763 1624 1812 fatalia

573 1837 843 1886 devertere
861 1838 894 1897 ς’
924 1839 1000 1888 ait
1021 1838 1198 1887 Aurel.
1227 1838 1425 1886 Victor.
1483 1838 1623 1886 Hinc

573 1913 680 1961 θεοῦ
693 1911 777 1968 βία
792 1913 1009 1972 Graecis,
1021 1913 1238 1976 Virgilio
1254 1916 1268 1942 ‘
1288 1915 1623 1964 ineluctabile

570 1987 772 2035 fatum!
840 1987 1129 2038 Homerus:
1166 1990 1346 2049 Μοῖραν
1388 1989 1426 2036 δ’
1465 1988 1625 2037 οὔτινά

572 2071 694 2122 φημι
711 2062 1011 2124 πεφυγμένον
1031 2061 1219 2123 ἔμμεναι
1238 2064 1428 2124 ἀνδρῶν.
1487 2064 1622 2112 vide
1667 2045 1672 2050 ’

573 2138 725 2198 plura
738 2145 792 2186 et
811 2139 907 2186 alia
920 2138 984 2187 ab
1002 2138 1072 2189 H.
1087 2139 1353 2204 Stephano
1373 2145 1623 2201 congesta

572 2211 756 2261 Sched.
780 2226 832 2261 v,
858 2216 937 2261 13.
1609 2272 1618 2276 -

636 2290 729 2335 261
770 2288 999 2336 Trahitur
1033 2288 1344 2336 retinentibus
1372 2288 1451 2334 ille
1474 2287 1620 2336 Scan·

569 2361 758 2425 sitibus]
801 2363 1004 2413 Satisne
1043 2369 1193 2411 caute
1233 2377 1326 2425 pro
1367 2363 1454 2412 illo
1489 2378 1621 2418 aevo,

572 2451 686 2486 cum
711 2451 766 2486 se
787 2439 921 2487 saltu
945 2438 996 2487 in
1019 2452 1180 2502 equos
1204 2439 1480 2490 tollerent?
1510 2439 1621 2502 πρό-

571 2517 713 2575 ληψις
727 2514 902 2579 itaque
918 2514 1120 2578 poetica
1138 2514 1455 2576 advocanda,
1469 2516 1559 2564 sed
1573 2523 1628 2565 et

571 2589 662 2637 illa
687 2600 875 2651 praeter
893 2605 1081 2651 morem
1105 2597 1160 2638 et
1177 2591 1448 2640 decorum..
1462 2592 1626 2640 Clem.

572 2666 776 2728 quidem
811 2664 1066 2717 Alexand.
1105 2680 1144 2716 1.
1188 2681 1239 2728 p.
1284 2670 1398 2717 225.
1437 2668 1625 2716 Strom.

572 2740 764 2789 Persas
787 2742 859 2790 ait
884 2755 1086 2790 currum
1117 2747 1175 2789 et
1207 2740 1456 2788 ὑποπόδιον
1485 2742 1627 2789 inve-

571 2816 740 2876 nisse3
787 2816 876 2863 sed
923 2816 1044 2878 quia
1083 2816 1231 2864 addit
1270 2813 1453 2873 κλίνην,
1501 2816 1627 2879 quid

571 2890 913 2953 velit,·liqnet.
945 2890 1096 2941 Quod
1119 2901 1239 2938 vero
1253 2891 1446 2939 Noster
1463 2891 1628 2938 ‘scan-

571 2962 703 3024 sile,’
735 2962 959 3011 Budoeus
990 2963 1006 2989 ‘
1026 2963 1275 3026 subjicem
1299 2965 1626 3027 'pedaneum,’

570 3037 872 3085 Franciscus
926 3037 1225 3100 Philelplrus
1279 3046 1294 3067 ‘
1324 3039 1643 3101 stapedem,'·

569 3111 758 3161 Junins
806 3114 822 3139 ‘
846 3112 1104 3172 stabiam:
1147 3114 1302 3177 vulgo
1343 3118 1358 3141 ⁸
1385 3113 1625 3175 staffam‚’

550 3192 588 3222 --·
609 3188 860 3249 staphiam
877 3188 893 3211 '
917 3198 1114 3239 vocant.
1180 3191 1370 3240 Caelius
1396 3192 1482 3240 lib.
1501 3206 1626 3242 xxi.

570 3266 652 3312 31.
687 3262 704 3290 ‘
721 3264 1027 3313 subsellares
1043 3264 1059 3287 '
1079 3280 1144 3314 ex
1167 3265 1451 3327 Avicenna,
1483 3268 1621 3330 quod

570 3338 776 3401 Magius
800 3340 1148 3403 reprehendit.
1215 3341 1475 3391 Robertus
1497 3343 1620 3391 Val-

570 3415 736 3463 turius
759 3415 823 3463 de
859 3430 913 3464 re
945 3416 1174 3478 militari,
1209 3415 1435 3466 ‘ferrum
1475 3431 1622 3467 scan-

569 3489 701 3539 sile!
754 3492 1113 3540 Corn.Fronto
1136 3506 1187 3555 p.
1206 3496 1319 3541 258.
1353 3492 1369 3519 ‘
1389 3493 1623 3547 Pedule‚'

571 3564 663 3619 ait,
681 3564 802 3613 ‘surb
822 3565 1041 3628 pedibus
1061 3573 1277 3629 praestat
1295 3567 1574 3616 utilitatem
1591 3568 1625 3617 :’

571 3639 706 3701 quod
743 3642 947 3705 Magius
989 3640 1192 3705 (nescio
1237 3656 1300 3689 an
1346 3641 1518 3705 recte)
1557 3644 1621 3691 ad

570 3713 805 3764 fasciolas
860 3717 1088 3765 crurales
1142 3714 1404 3766 transfert.
1482 3717 1623 3767 Vide

569 3790 786 3839 eundem
811 3790 1200 3841 descansilibus
1237 3792 1432 3853 prolixe
1463 3807 1642 3854 agen·-

569 3872 672 3911 tem
695 3879 754 3915 n.
773 3869 852 3915 14.
871 3867 957 3929 qui
982 3866 1366 3928 inscriptionem
1391 3878 1619 3916 veterem

570 3937 743 4003 affert,
779 3940 830 3988 in
869 3956 972 4006 qua
1006 3948 1118 3990 est:
1173 3948 1188 3970 ⁴
1215 3956 1336 3991 casu
1375 3943 1617 3992 desiliens

569 4014 819 4073 pesliaesit
828 4017 1005 4078 stapiae
1021 4022 1217 4065 tractus
1233 4016 1440 4065 interii.’
1470 4017 1616 4065 Idem

568 4086 886 4152 Hieronymo
921 4090 1122 4139 illorum
1158 4092 1470 4141 mentionem
1511 4090 1619 4139 fac-

573 4165 677 4210 tam
709 4163 842 4227 vult,
880 4172 938 4214 et
975 4165 1233 4219 nominata
1269 4168 1285 4195 ‘
1307 4164 1620 4229 bistapiam:

1701 1231 1787 1281 ubi
1810 1230 2091 1280 Marcellus
2108 1231 2349 1278 Donatus
2372 1229 2517 1293 legit·
2532 1237 2545 1258 ‘
2562 1229 2783 1291 bistap-·-

1703 1305 1889 1364 triam‚’
1921 1305 1973 1353 in
1997 1305 2287 1352 Commeat.
2310 1306 2374 1352 ad
2410 1306 2553 1355 Suet·
2579 1318 2631 1367 p.
2646 1307 2769 1354 59⁷.

1704 1382 1909 1431 Videsis
1941 1396 2144 1446 quoque
2173 1380 2499 1430 Torrentium
2524 1381 2587 1428 ad
2622 1381 2765 1429 Cali-

1703 1459 1871 1518 gulam
1893 1457 2124 1506 Suetonii
2149 1471 2203 1519 p.
2226 1460 2368 1506 1430.
2405 1457 2763 1519 Chrysostomi

1705 1534 1847 1582 locus
1870 1540 1949 1581 est
1973 1533 2023 1580 in
2048 1536 2126 1581 16.
2150 1538 2310 1593 capnt
2323 1529 2573 1580 Actorum
2593 1529 2767 1592 Apos-

1706 1613 1798 1661 tol.
1818 1610 2011 1661 Homil.
2036 1614 2201 1673 34.·p.
2217 1609 2559 1659 687.ubicum
2584 1609 2651 1658 da
2672 1609 2764 1657 do-

1706 1687 1903 1748 mandis
1924 1687 2069 1749 equis
2090 1685 2307 1734 dixisset
2324 1684 2373 1733 in
2397 1682 2637 1742 ἆποδόσει,
2654 1683 2764 1742 ait3

1704 1763 1789 1820 τῆς
1810 1760 1861 1810 δὲ
1890 1763 2047 1824 ψυχῆς
2082 1759 2267 1809 ἄτακτα
2297 1757 2580 1819 βαδιζούσης
2610 1757 2764 1807 οὐδεὶς

1705 1837 2013 1898 ἐπιμελεῖται,
2044 1836 2175 1886 ἀλλὰ
2194 1835 2271 1884 καὶ
2290 1837 2420 1898 πηδᾷ
2439 1833 2517 1882 καὶ
2538 1832 2765 1894 λακτίζει

1704 1911 1781 1972 καὶ
1809 1911 2017 1974 σύρεται,
2029 1911 2180 1973 χαμαὶ
2212 1911 2419 1973 καθάπερ
2450 1907 2653 1970 παιδίον,
2682 1907 2762 1957 καὶ

1704 1989 1971 2049 ἀσχημονεῖ
1985 1986 2141 2049 μυρία,
2156 1985 2235 2034 καὶ
2253 1985 2401 2033 οὐδεὶς
2418 1984 2544 2048 αίπῇ
2557 1983 2763 2044 ψαλίδας

1703 2064 2007 2126 περιτίθησιν,
2042 2062 2146 2112 οὐδὲ
2178 2061 2497 2125 ποδόστροφα,
2533 2060 2640 2110 οὐδὲ
2665 2079 2763 2122 χοι·

1702 2140 1877 2204 λινοὺς,
1910 2139 2017 2189 οὐδὲ
2040 2138 2286 2199 ἑπικαθίζει
2314 2139 2404 2187 τὸν·
2423 2137 2639 2200 ἔμπειρον
2660 2138 2762 2186 ἑπι-

1702 2215 1875 2277 βάτην,
1908 2215 1993 2265 τὸν
2026 2213 2415 2278 Χριστὸνλέγω.
2481 2214 2671 2263 Pollux
2704 2221 2761 2263 et

1704 2289 1993 2350 Hesychius
2036 2289 2233 2350 ψαλίδας
2272 2296 2591 2352 exponentes
2631 2289 2773 2354 nillil¹

1701 2363 1915 2423 habent,
1960 2363 2101 2426 quod
2150 2364 2268 2413 huic
2311 2365 2426 2413 loco
2468 2355 2759 2427 conveniat,

1701 2437 1827 2487 nihil
1848 2437 1914 2487 de
1936 2435 2293 2499 τοδοστρόφοις,
2326 2438 2425 2487 nisi
2448 2438 2561 2502 quis
2583 2439 2762 2487 ποδοσ·

1705 2510 1885 2575 τράβας
1909 2514 2068 2575 legat,
2102 2513 2237 2575 quod
2267 2521 2439 2562 tamen
2463 2515 2579 2575 ipsa
2604 2514 2763 2575 signi·

1707 2590 1951 2641 ficatione
1972 2592 2196 2651 alienum
2208 2592 2290 2641 ab.
2306 2591 2405 2640 hoc
2433 2592 2567 2639 loco.
2633 2592 2762 2639 For-

1708 2680 1799 2714 san
1842 2675 1985 2715 recte
2021 2664 2085 2714 de
2126 2666 2429 2715 scansilibus
2470 2666 2763 2729 intelligen-

1706 2739 1825 2793 dum
1850 2737 1983 2787 erit:
2022 2753 2231 2801 quorum
2254 2754 2372 2789 usus
2396 2754 2497 2788 non
2521 2740 2651 2789 adeo
2671 2754 2761 2788 no-

1707 2815 1883 2875 vitius,
1911 2824 1971 2863 nt
2004 2829 2070 2863 ex
2108 2815 2416 2877 Hieronymi
2440 2818 2572 2879 loco,
2606 2823 2661 2865 et
2684 2819 2760 2865 iu-

1707 2890 1987 2951 scriptione
2006 2892 2189 2952 veteri,
2206 2906 2357 2954 quam
2382 2894 2511 2942 citat
2534 2893 2760 2955 Magius,

1707 2963 1981 3012 evincitur.
2048 2964 2154 3013 Leo
2188 2965 2480 3027 Imperator
2512 2967 2564 3014 in
2584 2967 2759 3015 Tanti-

1705 3039 1781 3087 cis
1816 3052 1891 3088 vt.
1913 3054 1965 3102 p.
1982 3043 2064 3088 57.
2086 3047 2268 3102 aperte
2302 3038 2368 3089 εἷς
2400 3039 2451 3089 δὲ
2472 3040 2559 3091 τὰς
2576 3040 2758 3090 σέλλας

1703 3115 1785 3162 δύο
1806 3113 1993 3163 ondans
2011 3116 2203 3176 σιδηρᾶς
2218 3116 2469 3164 nominat.
2511 3118 2575 3165 In
2595 3117 2759 3167 veteri

1704 3190 2043 3251 inscriptione
2084 3189 2220 3252 apud
2267 3189 2637 3251 Camerariurn,
2676 3195 2775 3240 21.-

1702 3267 1717 3291 ‘
1736 3264 2120 3327 suppedaneum
2141 3263 2156 3286 '
2188 3264 2499 3315 nominatur.
2565 3264 2671 3314 Alii
2694 3266 2760 3313 ad

1701 3338 2031 3387 Constantini
2070 3338 2251 3402 Magni
2288 3346 2494 3388 aetatem
2518 3341 2758 3389 sellarum

1701 3412 1846 3461 initia
1866 3411 2113 3477 referunt,
2132 3413 2285 3476 idque
2297 3413 2499 3463 zonara
2514 3423 2727 3464 auctore
2745 3434 2757 3461 ε

1705 3502 1805 3551 qua
1827 3488 1894 3536 de
1918 3502 1973 3537 re
1997 3488 2265 3537 Piccartus
2290 3490 2353 3537 ad
2388 3504 2462 3538 tv.
2489 3494 2563 3539 13.
2600 3492 2775 3541 Petit.-

1707 3564 1867 3613 Arist.
1932 3566 2093 3612 Erant
2119 3564 2277 3625 etiam
2308 3566 2365 3614 in
2402 3564 2597 3615 familia
2634 3583 2760 3630 qna-

1704 3640 1931 3703 drigaria
1950 3640 2151 3689 Sellarii
2174 3656 2187 3688 ε
2226 3656 2325 3703 qua
2348 3642 2415 3690 de
2438 3656 2493 3689 re
2514 3641 2623 3693 Jul.
2647 3644 2761 3692 Cae-

1701 3730 1784 3763 sar
1826 3714 2150 3777 Bulengerus
2187 3716 2319 3765 libro
2359 3716 2424 3765 de
2466 3717 2642 3778 Circo,
2678 3722 2760 3767 43.

1704 3788 2035 3838 Casaubonus
2054 3789 2263 3839 doctiss.
2286 3791 2350 3839 ad
2385 3805 2465 3841 vt.
2503 3790 2759 3853 Athenaei,

1702 3870 1781 3914 16.
1802 3864 1967 3912 simile
1990 3863 2113 3927 qnid
2138 3866 2187 3914 in
2207 3865 2561 3915 climacidilms
2593 3874 2763 3927 notat,

1700 3940 1883 4004 quibus
1902 3940 2232 3989 sublevarant
2253 3955 2401 3990 suos:
2427 3939 2635 4001 κλίμακα
2648 3958 2759 3989 κατ-

1696 4013 2033 4078 εσκευάζοντεε
2068 4017 2116 4077 ἐξ
2148 4016 2337 4064 ἑαυτῶν.
2389 4021 2404 4043 ⁴
2424 4016 2763 4077 Eustatbius,’

1700 4092 1865 4154 inquit
1912 4090 2263 4151 casaubonus,
2308 4090 2327 4117 ‘
2357 4104 2473 4139 cum
2519 4089 2774 4139 Atlienaei-

1698 4166 1859 4215 verba
1888 4166 1953 4215 de
1988 4164 2342 4216 climacidibus
2374 4164 2763 4228 descripsisset,
