3173 4957
963 396 1059 445 DE
1106 396 1347 443 nmmo
1394 395 1737 444 'l'RosAno
1787 399 1936 448 [AB.
1982 400 2084 447 lv.

2470 388 2596 453 491

501 540 593 607 At
621 538 951 605 Teuthras
980 541 1093 603 ubi
1121 539 1291 603 dura
1310 540 1509 619 aegris
1538 540 1827 604 insidere
1857 540 2044 605 fibris

416 643 670 720 Altius,
702 646 767 704 et
796 646 1040 705 certam
1071 628 1445 703 minitantia
1468 640 1744 704 vulnera
1771 650 2054 706 mortem

342 774 351 780 »
414 744 649 807 Sentit.
741 742 942 805 Habe
972 741 1258 816 MoesoS,
1282 740 1523 823 inquit,
1554 748 1642 817 te,
1674 740 1996 828 Telephe,
2019 749 2240 808 noster

413 843 650 907 Poscit
678 843 910 920 honos,
941 842 1095 925 quis
1124 842 1300 903 enim
1332 842 1632 925 propior,
1664 844 1820 925 quis
1847 843 2111 924 dignior
2139 845 2402 910 haeres'i

412 944 529 1007 Me
556 951 712 1008 tuus
736 941 1039 1019 Alcidae,
1062 942 1433 1007 Thi-acensi
1462 951 1740 1025 urgente
1764 951 2075 1025 tyranno,

411 1046 743 1109 Edomitis
772 1045 1061 1108 absolvit
1087 1044 1303 1126 equis,
1332 1047 1719 1127 sceptrique
1750 1047 2047 1127 quietem

412 1146 676 1222 sanxit,
708 1153 776 1207 et
806 1150 1095 1207 armatos
1122 1146 1191 1208 in
1220 1162 1455 1227 pacem
1484 1146 1770 1210 reddidit
1801 1164 2036 1210 annos·

411 1243 549 1307 His
574 1247 825 1309 meritis
856 1246 976 1309 tibi
1004 1265 1203 1327 regna
1230 1246 1493 1322 damuS,
1523 1265 1684 1330 quae
1717 1246 1966 1329 perfida
1998 1247 2124 1312 fati

408 1347 524 1411 Ira
549 1354 745 1427 negat
773 1346 1075 1429 praedata
1102 1348 1302 1412 mihi:
1348 1352 1411 1411 te
1442 1348 1662 1412 lenius
1694 1355 1944 1413 astrum

408 1446 493 1510 In
520 1450 774 1512 senium
800 1466 1121 1530 serosque
1143 1449 1289 1512 dies
1316 1455 1387 1512 et
1416 1468 1672 1513 summa
1700 1457 1995 1513 reservet

406 1547 761 1631 Tempora,
796 1568 997 1630 regno
1030 1548 1345 1615 hilarem:
1395 1552 1515 1614 vix
1544 1552 1716 1629 haec,
1743 1558 1816 1614 et
1843 1551 2082 1634 frigida
2111 1550 2312 1617 fessis

402 1646 701 1731 'Atropos
732 1651 1007 1733 inserpit
1026 1651 1258 1730 labris,
1291 1654 1561 1717 turbata
1580 1647 1931 1734 rigescunt

2468 1650 2602 1718 440·

405 1750 711 1825 Lumina,
740 1751 989 1813 hebent
1016 1770 1278 1830 sensuS,
1308 1755 1598 1835 vivoque
1629 1762 1836 1816 exuta
1863 1753 2088 1816 calore

406 1850 716 1915 Membra
744 1854 893 1932 gelu
919 1852 1161 1915 lethale
1190 1855 1412 1918 subit:
1460 1872 1649 1916 mens
1677 1855 1890 1917 libera
1917 1853 2187 1917 tandem

352 1993 357 1998 -
401 1953 673 2029 Evolat,
704 1960 772 2016 et
796 1953 1021 2016 socios
1044 1954 1217 2016 redit
1238 1954 1632 2036 inspectura
1653 1953 1958 2017 Triones.
2017 2002 2026 2012 .

486 2053 853 2135 TelephuS,
884 2062 960 2118 ut
990 2074 1242 2119 vacuos
1266 2057 1550 2139 spiranti
1584 2056 1908 2135 sanguine
1936 2056 2162 2119 vultus

403 2152 773 2238 Conspicit,
804 2155 1016 2219 effuso
1047 2156 1523 2220 miserandadn
1554 2157 1830 2221 vulnera
1857 2157 2031 2234 fletu,

2465 2156 2600 2221 445

406 2250 639 2319 Funus
665 2255 871 2320 herile
906 2258 1141 2321 struit:
1190 2258 1515 2341 quicquid
1537 2260 1647 2323 vel
1674 2259 1924 2322 mulcet
1953 2258 2182 2336 odore,

288 2432 297 2443 ,
404 2352 541 2418 Vel
567 2356 807 2419 virtute
828 2358 995 2440 ligat
1020 2376 1287 2437 nervoS,
1320 2367 1642 2443 artusque
1668 2360 1946 2423 fluentes

406 2454 739 2534 Continet,
762 2460 1093 2541 aggeritur
1122 2461 1369 2525 busto:
1415 2462 1786 2544 compescit
1814 2458 2101 2525 hiantem

406 2559 667 2622 Dextra
696 2578 1005 2641 premens
1034 2562 1266 2639 ictum,
1288 2563 1545 2626 fluxum
1577 2562 1811 2627 domat
1841 2569 2029 2625 arcta
2059 2579 2362 2624 cruorem

408 2658 676 2734 Fascia,
707 2666 775 2723 et
804 2661 1133 2732 obtrusos,
1150 2663 1397 2727 trustra
1427 2668 1628 2745 negat
1657 2664 1752 2726 ire
1781 2667 2065 2726 meatus.

2463 2661 2596 2725 450

492 2759 713 2844 Regia
740 2764 1129 2845 conspicuis
1158 2766 1373 2830 moles
1392 2765 1714 2848 inscripta
1733 2763 1991 2846 figuris,

1382 2981 1598 3035 Nom-2

466 3098 565 3144 434
598 3095 870 3159 Sceptraque
888 3089 1091 3160 'quietem
1113 3097 1314 3162 Sanxit]
1349 3099 1453 3148 Pa·

400 3168 507 3231 pin.
536 3171 553 3196 ‘
571 3177 627 3218 et
651 3184 829 3232 pacem
851 3169 1065 3220 fulmine
1089 3171 1295 3220 sanxit?

463 3247 561 3296 44³
594 3245 757 3295 Socios
786 3246 913 3296 redit
940 3247 1209 3308 inspectura
1234 3244 1454 3308 Τήοπεσ]

398 3321 586 3384 Papin.
622 3335 685 3370 ιι.
736 3323 751 3350 ⁸
776 3330 832 3372 et
867 3322 1075 3372 summis
1113 3321 1313 3384 apicem
1352 3319 1454 3370 sibi

397 3395 568 3459 poscit
609 3396 663 3444 in
710 3395 899 3453 astris:
950 3403 1004 3446 et
1054 3404 1068 3425 ‘
1091 3399 1454 3460 praereptaque

398 3473 569 3526 noscit
592 3473 776 3523 Sidera
814 3473 1229 3537 principiumque
1269 3471 1455 3522 suum.’

396 3549 487 3598 Sic
505 3561 587 3599 vr.
602 3549 667 3596 de
683 3549 877 3597 metalli
892 3547 1087 3598 fossore
1103 3565 1117 3597 ε
1141 3552 1156 3578 ⁸
1173 3547 1456 3610 Indignan-

398 3634 505 3673 tem
550 3623 770 3672 animam
812 3624 1045 3686 propriis„
1078 3638 1177 3674 non
1224 3622 1453 3673 reddidit

396 3697 587 3748 astris)
660 3698 843 3760 Stoici,
882 3698 1197 3761 Pythagorei
1233 3699 1451 3748 animam

395 3790 461 3824 ex
518 3773 673 3823 astris
726 3773 1051 3822 derivabant.
1132 3776 1339 3824 Lucret.
1389 3787 1451 3824 11.

396 3856 411 3878 ⁸
426 3849 569 3914 quod
586 3849 791 3898 missum
809 3860 875 3897 ex
896 3848 1104 3897 aetheris
1118 3849 1239 3910 oris,
1259 3847 1325 3897 Id
1341 3862 1450 3896 rur·

398 3940 507 3974 sum
540 3925 661 3976 coeli
686 3926 906 3974 relatum
930 3924 1125 3985 templa
1140 3929 1432 3985 receptant.
1436 3922 1451 3945 '

397 3999 731 4060 Epicharmus
749 3997 883 4060 apud
908 3997 1272 4046 Plutarchum·
1259 4013 1311 4046 m
1330 4012 1451 4046 con-

395 4074 547 4122 solat.
572 4074 637 4122 ad
660 4075 830 4137 Apoll.
860 4072 1101 4136 συνεκρίθη
1134 4072 1211 4122 καὶ
1242 4073 1453 4135 διεκρίθη,

398 4147 478 4196 καὶ
498 4148 724 4210 ἀπῆλθεν,
744 4148 851 4198 ὅθεν
864 4147 995 4207 ἦλθε,
1013 4147 1159 4198 πόλιν
1186 4148 1255 4209 γᾶ
1280 4145 1369 4207 μὲν
1387 4147 1452 4198 εἶδ’

396 4223 509 4287 γᾶν,
532 4225 711 4284 πνεῦμα
730 4223 779 4274 δὲ
799 4223 909 4274 ἄνω·
938 4223 992 4274 τί
1010 4226 1105 4273 τῶν
1120 4222 1171 4274 δὲ
1198 4222 1448 4286 χαλεπόν*
1434 4257 1449 4286 ‚

1533 3098 1754 3147 Gemina
1797 3109 1861 3145 ex
1899 3097 2122 3160 Tragico
2162 3096 2294 3146 citat
2336 3095 2488 3144 Philo
2524 3093 2592 3144 dc

1532 3173 1720 3221 Mundi
1739 3173 2024 3234 incorrupt.
2041 3186 2094 3233 p.
2116 3175 2232 3220 ⁷34.
2299 3171 2448 3218 Ennii
2466 3170 2591 3233 Epi-

1534 3247 1773 3297 charmus
1798 3255 1937 3296 terra
1961 3261 2150 3308 corpus
2187 3252 2284 3306 eat,
2317 3252 2372 3294 at
2403 3247 2592 3294 mentis

1532 3322 1668 3384 ignis
1701 3327 1802 3370 est.
1867 3319 2006 3368 Vide
2036 3318 2150 3369 Joa.
2183 3319 2433 3381 Scaliger.
2456 3319 2592 3367 Con-

1526 3397 1661 3460 ject.
1686 3410 1737 3457 p.
1752 3398 1834 3444 2¹7.
1858 3397 1942 3443 28.
1965 3393 2187 3442 Triones
2204 3407 2324 3442 vero
2346 3394 2495 3456 qnasi
2515 3399 2594 3441 te·

1534 3473 1706 3520 rienes
1729 3486 1744 3519 z
1798 3471 1984 3519 Festus
2029 3470 2080 3516 in
2130 3471 2146 3498 ⁸
2169 3469 2595 3532 Septentriones-³

1534 3547 1705 3595 Varro
1729 3559 1806 3594 vr.
1831 3543 1898 3592 dc
1914 3545 2088 3606 lingua
2109 3544 2312 3593 Latina.
2358 3543 2592 3606 Scaliger

1533 3621 1588 3670 in
1610 3621 1844 3685 conject.
1863 3633 1916 3682 p.
1930 3622 2101 3670 144.-a
2115 3619 2244 3669 stria
2259 3618 2464 3667 derivat
2481 3634 2499 3678 ;
2533 3627 2590 3668 et

1532 3712 1584 3761 p.
1611 3702 1690 3746 83.
1727 3696 1948 3745 Triones
1971 3709 2092 3744 vero
2106 3696 2188 3746 hic
2209 3694 2478 3758 σννεκδοχῄ·
2496 3707 2590 3758 pro

1532 3772 1685 3821 astris
1705 3777 1996 3820 sumuntur.

1595 3851 1690 3896 451
1728 3846 1886 3908 Regia
1905 3843 2191 3906 conspicuis]
2237 3843 2368 3894 Quoe
2395 3842 2590 3894 Noster

1529 3921 1599 3970 de
1621 3921 1962 3980 Teuthrante,
1997 3930 2198 3968 veteres
2225 3933 2294 3967 ex
2331 3926 2482 3981 parte
2519 3918 2587 3966 de

1527 3998 1755 4058 Telepho
1777 3996 2062 4059 fingebant.
2105 3994 2390 4042 Pausanias
2413 3994 2466 4041 in
2490 3992 2588 4040 Ar-

1528 4073 1720 4122 cadicis
1736 4075 1913 4134 p.856.
1943 4083 2164 4132 pugnam
2187 4069 2400 4118 Achillis
2423 4075 2479 4118 ct
2489 4069 2586 4118 Tc-

1528 4147 1669 4209 leplii
1693 4147 1846 4196 etiarn
1869 4161 1964 4195 sua
1985 4150 2138 4193 atate
2163 4145 2368 4208 pictura
2390 4157 2582 4194 memo·

1531 4221 1747 4272 rabilem
1769 4220 1929 4272 fuisse
1951 4218 2096 4271 dicit.
