3173 4957
516 392 650 457 486

516 548 681 612 Otia
711 546 977 630 sopitus
1009 546 1224 629 pelagi
1248 565 1379 609 non
1410 545 1668 609 invidet
1697 550 1930 619 aestuS,

1312 402 1624 451 Josm’ffl
1674 402 1932 450 lscANI

2583 545 2716 609 325

510 650 872 714 Jasonium
903 648 1192 729 relegens
1221 646 1632 709 Philoctetes
1659 645 1958 727 praevius
1989 663 2241 727 aequor,

516 749 689 826 Hae,
720 749 959 831 inquit,
992 750 1179 830 passi
1208 747 1469 829 SyrteS,
1496 747 1604 810 his
1633 746 1952 810 haesimus
1982 745 2177 810 undis

516 852 673 914 Hos
704 851 971 933 Cyanes
1005 850 1281 913 tulimus
1311 849 1653 931 scopulos,
1686 846 2008 929 Phryxea
2039 847 2255 911 secuti

511 949 801 1026 Vellera,
834 950 1213 1014 Lemniacis
1242 948 1481 1012 domus
1510 949 1679 1025 haec,
1708 947 2208 1011 Thracensibus
2238 948 2386 1024 illa,

514 1052 696 1116 Haec
725 1052 960 1129 Paros,
987 1052 1132 1115 haec
1161 1050 1407 1113 Naxos
1434 1070 1451 1115 z
1497 1051 1600 1113 sic
1631 1054 1874 1113 cuncta
1903 1050 2292 1130 rogantibus
2324 1049 2520 1113 beros
2580 1050 2714 1115 830

514 1153 854 1235 Explicat,
878 1171 1248 1235 agnoscens
1279 1152 1524 1215 veteris
1555 1152 1832 1232 vestigia
1863 1169 2122 1226 cursus,

446 1262 455 1271 ·
511 1252 960 1335 AEsoniasque
986 1253 1165 1316 vias:
1208 1254 1309 1316 sic
1340 1272 1493 1335 quae
1524 1252 1898 1327 subeunda,
1928 1252 2323 1333 magistrat:

516 1353 691 1433 Quae
718 1352 1012 1430 vitanda,
1042 1352 1273 1417 docet:
1319 1371 1470 1415 cum
1502 1351 1772 1417 tandem
1803 1351 2075 1415 hostilis
2107 1369 2322 1415 arenae

511 1454 777 1537 Allapsi
806 1454 1077 1535 gremio,
1108 1453 1311 1517 saevis
1340 1453 1770 1533 clangoribus
1801 1458 1999 1516 urunt

513 1554 717 1631 Aeta,
747 1561 817 1618 et
842 1555 1031 1617 iratis
1060 1555 1435 1636 impingunt
1464 1554 1688 1617 littora
1715 1554 1957 1617 contis.

1502 1782 1712 1832 NOTAE

513 1908 569 1945 x·
582 1900 663 1945 26.
678 1903 735 1945 ut
747 1898 965 1946 Noster‘
983 1897 1235 1960 spatiari!
1251 1898 1399 1960 Virg.
1414 1898 1428 1925 ‘
1443 1898 1570 1947 Pro-

513 1972 776 2035 gredimur
801 1973 994 2034 portu,'
1017 1982 1072 2023 et
1094 1989 1151 2023 ιι.
1182 1974 1379 2038 Georg.
1410 1977 1426 2003 ‘
1451 1988 1571 2037 spa·

511 2048 597 2095 tiis
614 2048 926 2097 confecimus
944 2048 1154 2112 aequor.'
1173 2050 1392 2098 Plautus
1408 2063 1569 2111 soepe‚

512 2124 630 2171 ‘Sol
674 2120 818 2181 abit‚’
860 2124 876 2150 ⁴
898 2124 941 2171 it
956 2122 1102 2185 dies‚'
1143 2125 1158 2151 ‘
1180 2124 1281 2172 lien
1308 2124 1571 2173 ambulat.’

507 2198 692 2247 Florus
710 2210 772 2245 ιι.
796 2202 844 2247 1.
862 2200 878 2225 ⁴
899 2198 951 2246 in
977 2198 1211 2248 Africam
1233 2200 1444 2261 navigat
1465 2198 1568 2247 bel·

512 2273 657 2323 lum.'
720 2273 807 2322 Ita
839 2274 1071 2335 Plautus,
1093 2275 1108 2301 ‘
1130 2274 1420 2336 admigrant
1442 2273 1570 2323 infa-

511 2346 667 2408 miae,'
704 2348 892 2395 ‘naves
930 2348 1229 2408 ambulant,’
1271 2349 1403 2398 Cato
1428 2348 1565 2411 apud

510 2421 682 2486 Agell.
707 2436 765 2471 x·
793 2425 875 2471 26.
944 2424 1294 2473 Dracontius:
1331 2426 1346 2453 ‘
1370 2426 1439 2475 Et
1474 2440 1567 2490 pe·

509 2501 627 2561 lago
652 2499 909 2561 spatiante
929 2498 1080 2549 fretis
1102 2507 1157 2548 et
1180 2501 1369 2550 littoris
1394 2500 1565 2550 oestuss

506 2575 761 2626 Minntiiis
816 2575 997 2625 Felix:
1042 2582 1056 2603 ‘
1081 2577 1288 2626 Fluvios
1346 2578 1565 2639 intuere,

508 2659 633 2699 eunt
656 2663 861 2713 semper
878 2653 1119 2702 exercitis
1134 2652 1401 2716 lapsibus?
1438 2653 1564 2702 Pro-

506 2727 736 2788 pertius:
774 2729 790 2756 ‘
812 2729 883 2776 Et
917 2723 1069 2777 'inodo
1104 2735 1210 2776 tam
1249 2730 1446 2777 celeres
1470 2729 1564 2777 mi-

508 2803 640 2852 reris
686 2817 894 2852 currere
937 2802 1150 2852 lintres!
1219 2805 1349 2853 Cato
1394 2803 1459 2851 de
1502 2818 1560 2852 re

505 2885 632 2928 rust.
657 2892 695 2927 1.
727 2880 742 2906 ⁴
769 2892 932 2940 prope
956 2880 1058 2926 siet
1091 2893 1251 2939 mare,
1269 2887 1359 2928 aut
1380 2879 1563 2941 amnis,

506 2967 607 3016 qua
630 2967 786 3002 naves
806 2952 1103 3002 ambulent?
1164 2953 1361 3004 Seneca
1384 2954 1449 3004 de
1474 2955 1562 3004 Ira

501 3041 590 3076 ιιι.
610 3031 689 3075 10.
726 3029 742 3055 ‘
766 3026 1010 3076 Proderit
1026 3027 1261 3077 morbum
1280 3043 1424 3079 suum
1444 3043 1563 3078 nos·

506 3116 584 3162 se,
614 3109 669 3150 et
704 3102 841 3152 vires
876 3106 1006 3166 ejus,
1028 3112 1299 3166 antequam
1338 3105 1560 3165 spatien-

505 3184 611 3237 tur,
633 3177 963 3240 opprimere.'
1000 3179 1300 3240 Propertius
1324 3192 1386 3228 ιι.
1406 3179 1422 3205 ‘
1446 3180 1557 3228 Nec

504 3266 619 3301 mea
667 3260 775 3302 tam
828 3253 982 3316 longa
1034 3255 1293 3318 spatietur
1335 3255 1559 3317 imagine

504 3331 726 3393 pompa?

568 3411 667 3456 326
704 3407 953 3456 Jamium
1004 3409 1214 3469 relegens
1269 3407 1561 3457 Philoctetes

501 3483 697 3534 navibm
717 3482 902 3546 oequor]
919 3483 1201 3542 Jasonium,
1218 3489 1275 3530 ut
1294 3484 1473 3545 Papin.
1494 3497 1558 3533 11.

504 3559 557 3608 in
582 3558 719 3608 fine:
754 3560 769 3586 ‘
794 3558 1022 3621 Japeton
1058 3565 1149 3608 aut
1185 3556 1336 3606 fixam
1376 3571 1561 3621 supera

504 3635 571 3683 ad
604 3649 837 3683 convexa
869 3634 1027 3683 levari
1065 3631 1360 3681 Inarimen?
1424 3633 1561 3682 Vide

503 3709 797 3772 Baptistam
823 3709 973 3756 Pium
1009 3719 1095 3756 ιιι.
1136 3708 1348 3768 Sylloge
1369 3710 1481 3755 155.
1508 3721 1559 3768 p.

408 3809 415 3814 ·
503 3787 617 3831 540.
650 3782 936 3832 Secundam
954 3796 1080 3830 vero
1098 3781 1148 3829 in
1171 3782 1187 3808 ‘
1208 3781 1559 3831 Philoctetes’

504 3859 793 3920 abbreviat,
829 3865 887 3907 ut
931 3857 1201 3920 Oppianus
1246 3857 1297 3904 in
1329 3856 1561 3920 ἀσκαρδα·

501 3931 747 3993 μύκτοισιν
768 3932 990 3988 damnis,
1008 3941 1067 3981 ut
1086 3933 1391 3994 Propertius
1412 3949 1425 3981 ε
1452 3936 1467 3962 ‘
1485 3934 1559 3982 'l'e

504 4011 671 4057 scelus
693 4017 911 4072 accepto
927 4010 1139 4058 Thracis
1157 4009 1559 4072 Polymnestoris

502 4083 661 4130 auro)
728 4086 859 4133 Vide
882 4083 1081 4134 Gifanii
1101 4085 1321 4136 indicem
1346 4086 1557 4136 Lucret.

503 4160 555 4208 in
581 4160 759 4206 vocab.
780 4162 795 4188 ‘
820 4161 1080 4210 omnium.’

1649 1896 1917 1945 Threicius
1951 1895 2290 1958 ποιητικώτερα
2323 1898 2480 1943 sunt:
2515 1897 2571 1942 et
2606 1890 2710 1943 for·

1652 1980 1790 2022 tasse
1823 1973 1986 2035 inagis
2019 1974 2222 2033 Latina,
2247 1984 2438 2033 usuque
2471 1967 2711 2033 frequen-

1653 2048 1800 2097 tiora.
1863 2048 2061 2096 Seneca
2084 2060 2170 2095 ιιι.
2201 2046 2446 2094 Controv.
2463 2049 2508 2094 1.
2542 2047 2557 2072 ‘
2582 2044 2710 2095 Qni-

1653 2122 1769 2171 dam
1794 2138 1907 2171 cum
1945 2122 2332 2185 Hoplomacbis,
2362 2121 2566 2183 quidam
2590 2134 2706 2169 cnm

1651 2196 1936 2246 Thracibus
1981 2197 2174 2260 optime
2220 2194 2490 2259 pugnant.'
2520 2195 2710 2257 Papiri.

1651 2284 1704 2318 v.
1736 2273 1752 2299 ‘
1778 2278 2016 2333 spectant
2038 2279 2180 2320 trans
2201 2284 2406 2334 aequora
2421 2270 2709 2320 Thracem.’

1652 2346 1726 2395 Ut
1765 2347 1936 2396 Latini
1959 2347 1974 2373 ‘
2002 2346 2416 2395 Ambraciensis’
2451 2353 2507 2394 et
2548 2348 2564 2374 ‘
2586 2346 2707 2394 Am·

1648 2420 1914 2477 braciota:
1939 2420 2240 2486 Ἀμπρακιεὺι·
2265 2428 2318 2469 et
2360 2420 2710 2484 Ἀμπρακιώτης

1645 2496 1789 2562 (vide
1815 2498 2023 2546 doctiss.
2051 2500 2272 2548 Casaub.
2289 2497 2354 2547 ad
2382 2497 2710 2562 Apuleium),

1646 2572 1720 2622 ita
1743 2581 1757 2602 ‘
1774 2573 2079 2624 Thracensis
2093 2573 2106 2596 '
2129 2571 2389 2622 formavit.
2422 2573 2592 2623 Julius
2610 2574 2708 2623 Ca·

1646 2648 1916 2711 pitolinus,
1941 2656 1954 2678 ⁶
1971 2649 2310 2711 Threciscus,'
2333 2648 2609 2710 Θρηκίσκος.

1713 2727 1812 2772 332
1846 2723 1931 2772 Sic
1983 2739 2087 2786 quoe
2138 2724 2378 2774 subeunda
2431 2726 2709 2788 „noemi-at]

1644 2799 1838 2849 Paulus
1872 2814 1938 2848 ex
1973 2801 2157 2849 Festoz
2191 2802 2206 2828 ‘
2232 2800 2602 2863 Magisterare‚
2623 2815 2706 2850 re-

1645 2887 1790 2936 gere,
1809 2881 1864 2924 et
1887 2882 2176 2938 temperare
2199 2883 2311 2925 est:
2348 2875 2486 2925 unde
2520 2877 2705 2940 magis-

1644 2949 1712 2998 tri
1752 2963 1852 2999 uon
1893 2951 2056 2999 solum
2095 2951 2333 3000 doctores
2371 2952 2575 3016 artium,
2611 2953 2704 3001 sed

1644 3026 1799 3073 etiam
1822 3040 2090 3089 pagorum,
2113 3027 2441 3085 societatum,
2464 3027 2704 3087 virorum,

1641 3100 1998 3164 collegiorum,
2011 3102 2240 3160 equitum
2259 3101 2534 3152 dicuntur·'
2550 3103 2702 3153 Glos-

1631 3178 1860 3226 sarium:
1893 3178 1909 3206 ‘
1935 3179 2180 3241 magister
2227 3181 2390 3242 navis,
2419 3181 2446 3228 ὁ
2481 3179 2704 3244 κυβερνή·

1639 3257 1763 3314 της)
1814 3257 1930 3306 Tib.
1971 3257 2132 3306 ovid.
2164 3261 2180 3287 ‘
2201 3271 2291 3306 vos
2325 3273 2408 3306 me
2444 3259 2703 3307 celebrate

1641 3332 1960 3394 magistrum,
2002 3332 2130 3380 Cum
2167 3346 2283 3381 mea
2309 3331 2556 3382 ridebunt
2575 3347 2706 3382 vana

1641 3409 1936 3469 magisteria
1953 3407 1986 3456 τ’
2019 3415 2035 3438 ·
2052 3410 2206 3470 culpa
2221 3416 2403 3471 potare
2421 3409 2704 3472 magistra,'

1643 3483 1830 3532 Horat.
1897 3483 2050 3535 Quod
2095 3497 2220 3532 vero
2273 3484 2592 3534 Philoctetes
2649 3484 2700 3534 in

1644 3558 1822 3622 ἐξουρίᾳ
1840 3559 1921 3607 hic
1943 3561 1958 3587 ⁸
1975 3557 2288 3621 magistrat,'
2311 3559 2360 3607 id
2387 3559 2500 3608 Val.
2523 3559 2702 3610 Flacc-

1642 3646 1729 3682 ιιι.
1754 3634 1904 3696 paulo
1939 3634 2127 3682 aliter:
2166 3639 2181 3662 ⁸
2206 3634 2316 3696 ipse
2357 3641 2520 3682 ratem
2545 3642 2704 3684 vento

1641 3709 1906 3771 stellisque
1929 3708 2222 3757 ministrat!

1705 3787 1801 3831 334
1836 3783 1992 3832 Soevis
2032 3785 2330 3844 clangoribus
2368 3790 2511 3834 urunt
2543 3784 2699 3846 Aera]

1643 3859 1728 3907 Sic
1766 3872 1841 3906 vr.
1871 3861 1886 3886 ‘
1913 3858 2198 3922 Postquam
2239 3859 2496 3908 Helenam
2539 3859 2698 3920 trepi-

1643 3934 1736 3983 das
1759 3949 1978 3984 exurens
2010 3936 2226 3985 nuntius
2245 3949 2394 3984 aures
2419 3935 2652 3986 Perculit
2669 3934 2704 3983 :'

1639 4011 1722 4059 hic
1763 4011 1829 4059 de
1869 4011 2137 4073 Tyrrheno
2175 4012 2420 4072 clangore
2462 4011 2699 4059 tubarum

1642 4085 2288 4148 intelligendumsspoltinpn
2303 4087 2529 4149 poetica.
2543 4095 2557 4116 ‘
2570 4087 2704 4136 Ure-

1643 4161 1726 4211 re'
1746 4177 1886 4224 vero,
1907 4160 2108 4218 δάκνειν,
2129 4176 2230 4210 non
2250 4168 2451 4212 tantum
2476 4162 2542 4211 ad
2559 4161 2702 4212 dicta

568 4236 667 4284 329
704 4233 1039 4286 Thrac-ensibus
1069 4236 1177 4299 illa]
1218 4236 1463 4289 Thracius
1497 4243 1555 4288 et
1635 4245 1690 4288 et
1733 4245 2030 4302 scommata,
2069 4237 2161 4286 sed
2203 4237 2390 4289 famam
2431 4247 2485 4288 et
2527 4239 2698 4288 nivern
