3173 4957
484 440 487 445 ·
601 424 1045 485 comens-m
1094 422 1474 474 ummo'rrr.
1520 424 1772 475 narr-r.
1823 425 2260 475 sssnavmr.
2385 414 2518 481 64⁵

334 562 525 629 nist.
557 563 827 630 Daretis
869 583 959 629 ex
1004 563 1267 647 Lingua
1294 564 1541 631 Graeca
1567 569 1854 635 versam.
1925 566 2254 635 Similiter
2290 518 2514 635 Vitel-

329 666 469 731 lius
495 665 585 729 A.
618 680 799 729 xm.
843 665 992 733 cod.
1028 666 1403 732 membran.
1454 663 1774 733 Vitellius
1822 668 1904 733 C.
1937 683 2108 732 vul.
2153 670 2515 735 membran.

321 771 397 831 et
423 765 825 849 Vespasian.
850 764 936 830 Β.
962 764 1071 831 25.
1101 768 1467 831 membran.
1542 768 1655 833 Ex
1681 768 1794 834 his
1821 768 2136 898 quaedam
2157 775 2316 835 sunt
2339 770 2518 855 frag-

326 870 553 931 menta
578 871 860 945 tantum,
884 865 1006 931 sed
1028 866 1229 934 valde
1254 867 1547 951 antiqua.

416 967 604 1031 Inter
658 965 910 1031 Codices
962 966 1357 1031 Burneianus
1408 968 1501 1033 N.
1552 968 1662 1035 28.
1711 974 1821 1035 est
1871 970 2096 1036 codex
2151 971 2516 1036 membran.

323 1084 492 1134 saec.
540 1084 686 1132 xu.
746 1068 1171 1153 complexus,
1220 1088 1375 1133 curn
1427 1068 1740 1135 Historia
1783 1070 2180 1150 Alexandri,
2233 1070 2510 1137 Daretis

326 1168 607 1253 Phrygii
637 1168 1031 1235 Historiam.
1105 1168 1362 1235 'Deficit
1389 1171 1515 1236 snb
1547 1169 1772 1237 finem.

1082 1418 1335 1493 Codices
1370 1418 1760 1490 oxonienses.

412 1586 495 1651 In
526 1584 836 1673 Biblioph.
872 1583 1064 1654 Bodl.
1093 1587 1267 1679 inter
1298 1585 1616 1653 Kenelmi
1647 1588 1882 1671 Digbii
1924 1588 2202 1656 codices
2255 1595 2516 1657 restant

320 1686 465 1752 duo
484 1707 505 1768 3
534 1700 818 1772 quorum
840 1708 1013 1753 unus
1028 1687 1258 1775 (1758.
1276 1684 1467 1772 157.)
1482 1688 1798 1769 continet,
1827 1689 2004 1755 inter
2033 1689 2195 1768 alia,
2225 1688 2272 1755 J
2273 1690 2515 1775 osephi

322 1787 729 1853 Exoniensis
786 1790 873 1854 de
930 1790 1123 1854 Bello
1181 1788 1482 1873 Trojano
1530 1790 1786 1871 libros;
1831 1792 2001 1855 alter
2055 1790 2284 1876 (1767.
2335 1790 2516 1871 166.)

324 1887 600 1953 Daretis
630 1890 910 1975 Phrygii
927 1889 1331 1956 Historiam.
1418 1890 1557 1955 Sed
1584 1890 1817 1955 nullus
1845 1891 1957 1956 hic
1991 1891 2268 1956 Daretis
2295 1890 2515 1955 codex

322 1988 738 2069 Laudianus,
764 1991 941 2056 utin
971 1988 1172 2055 Corn.
1204 1990 1389 2075 Nep.
1419 2010 1490 2075 p.
1520 1990 1674 2056 746.
1703 1990 1960 2056 dictum
1988 1996 2116 2057 est.

344 2126 347 2131 -
408 2090 588 2157 Ibid.
630 2091 829 2156 3362.
874 2092 984 2157 32.
1028 2091 1188 2157 cod.
1249 2092 1522 2158 Seldeni
1572 2091 2066 2175 complectitur,
2123 2092 2300 2155 inter
2343 2090 2508 2169 alia,

322 2192 702 2258 Historiam
759 2193 1039 2259 Daretis
1095 2192 1429 2275 Phrygii:
1510 2193 1629 2269 (de
1685 2192 1836 2270 hoc,
1921 2198 1990 2258 et
2051 2190 2364 2275 Epistola
2421 2192 2510 2255 ad

325 2292 726 2358 Sallustium
781 2293 929 2377 jam
990 2312 1199 2376 supra
1254 2294 1385 2357 sub
1449 2291 1765 2358 Cornelio
1824 2291 2100 2375 Nepote
2121 2295 2170 2371 ι)
2213 2299 2282 2359 et
2337 2292 2511 2357 inter

323 2394 755 2461 collectanea
811 2394 1093 2460 Lelandi
1134 2394 1245 2459 de.
1275 2392 1664 2458 Illustribus
1711 2393 2190 2476 scriptoribus,
2248 2393 2384 2458 vol.
2438 2409 2510 2455 v.

322 2501 453 2570 est,
517 2496 629 2580 De
671 2495 977 2580 Josepho
1031 2495 1311 2573 Iscano,
1356 2495 1514 2582 ,qui
1582 2495 1859 2578 scripsit
1930 2493 2013 2559 de
2082 2495 2278 2559 Bello
2338 2494 2514 2559 Tro·

311 2597 506 2680 jauo.
596 2595 835 2661 Codex
872 2597 984 2662 hic
1028 2593 1303 2660 Seldeni
1334 2602 1443 2679 est
1486 2596 1848 2660 membran.
1877 2593 2004 2659 fol.
2029 2594 2296 2682 circiter
2324 2610 2510 2659 xm.

320 2704 439 2764 aut
484 2713 651 2764 xus.
689 2717 851 2764 saec.
939 2696 1025 2762 In
1075 2695 1287 2760 fronte
1339 2695 1532 2760 Hist.
1579 2695 1854 2778 scripsit
1906 2694 2008 2759 vir
2054 2695 2334 2758 illustris
2384 2713 2508 2759 sua

318 2817 549 2876 manu,
575 2803 651 2864 ut
692 2799 764 2863 in
810 2798 963 2864 aliis
1000 2798 1145 2861 suis
1184 2796 1433 2875 Libris,
1482 2797 1888 2862 sententiam
1939 2795 2128 2860 illam
2181 2814 2388 2878 quam
2435 2794 2509 2857 in

320 2898 589 2964 deliciis
616 2899 871 2976 habuit,
900 2898 1039 2984 flagi
1068 2895 1289 2961 πάντων
1320 2894 1622 2982 ἐλευθερία.

417 2997 717 3064 Canonici
745 3001 893 3064 Lat.
924 2999 1019 3064 N.
1045 2997 1198 3066 158.
1242 2998 1521 3063 Daretis
1563 2997 1840 3082 Phrygii
1885 2996 2080 3062 Hist.
2111 2995 2270 3061 cod.
2299 3014 2508 3061 mem-

320 3102 505 3165 bran.
562 3121 715 3166 cum
772 3100 1175 3185 quibusdam
1220 3098 1500 3164 scholiis
1546 3098 2041 3182 manuscriptis.
2127 3096 2508 3179 Praefigitur

320 3201 637 3286 Epistola
689 3201 1001 3286 Nepotis,
1048 3219 1203 3286 quae
1260 3203 1567 3264 vocatur.
1654 3199 1856 3262 Sexti
1909 3197 2074 3262 Rufi
2127 3197 2506 3262 Dictatoris

238 3295 243 3298 ’
322 3303 747 3410 Breviarium
775 3303 1107 3370 Historiae
1135 3301 1469 3366 Romanae
1498 3299 1938 3388 subjungitur.
2027 3297 2313 3364 circiter
2342 3317 2504 3363 suec.

324 3417 496 3466 xxv,
2459 3425 2466 3432 ·

412 3500 718 3568 canonici
734 3504 901 3569 Lat.
934 3502 1028 3569 N.
1057 3503 1209 3570 267.
1272 3504 1557 3588 Dictyos
1586 3499 1936 3566 Cretensis
1963 3499 2116 3564 cod.
2144 3460 2508 3563 membran.

322 3623 486 3670 saec.
520 3621 654 3670 XV.
684 3605 1018 3687 eleganter
1044 3607 1359 3688 scriptum,
1392 3604 1539 3668 sine
1566 3601 1844 3668 scholiis
1873 3611 1994 3667 aut
2025 3598 2292 3682 glossiS.
2362 3599 2504 3665 Sub

320 3705 527 3769 finem
550 3705 825 3788 legitur·
808 3753 825 3770 .
856 3706 1195 3771 ‘Antonio
1226 3705 1431 3770 Ballo
1448 3703 1832 3770 Genucnsis
1864 3684 2228 3784 Magnifice
2255 3698 2507 3764 Joanni

321 3807 493 3870 bene
520 3807 800 3870 merenti
828 3805 1005 3871 dono
1035 3805 1265 3873 dedit?
1652 3874 1656 3876 ,

410 3907 498 3970 Ιιι
527 3906 847 3971 Biblioth.
884 3903 1051 3971 Coll.
1082 3904 1315 3993 Magd.
1344 3913 1445 3973 est
1472 3906 1628 3971 cod.
1675 3904 1945 3970 Daretis
1995 3901 2268 3985 Phrygii
2317 3900 2505 3967 Hist.

324 4027 460 4071 uua
518 4027 675 4072 cum
718 4006 891 4072 Julii
927 4007 1143 4074 Solini
1181 4008 1511 4093 Polyhist.
1603 4005 2102 4088 Subsequitur‘
2128 4001 2414 4065 Pulchra
2437 4009 2508 4066 et

322 4107 739 4174 admirabilis
770 4109 1083 4176 Historia
1126 4108 1475 4208 Apollonii
1518 4107 1712 4191 Tyrii
1747 4101 2085 4190 (Tyanei)
2129 4101 2388 4218 Uxoris
2441 4107 2508 4166 ct

326 4208 595 4274 Filiae!
