3173 4957
506 359 749 426 ussa

622 515 785 580 Rex
816 515 1061 593 avium,
1092 533 1171 577 ac
1197 513 1345 579 viso
1376 518 1726 578 cunctatur
1751 512 2003 585 funere,
2029 510 2276 573 fulmen

1402 371 1708 420 JosEvffl
1745 368 2005 418 iscam

624 617 1004 699 DeponenS‚
1034 614 1332 702 aliasque
1361 615 1549 678 faces
1578 615 1978 694 incensaque
2006 611 2202 674 thura

622 717 931 798 Corripit,
961 722 1030 779 et
1054 718 1260 780 sacris
1290 714 1889 779 solaturodoribus
1919 731 2087 776 aras.

621 820 667 882 J
672 839 777 882 am
808 817 1345 898 fiammae.sopita
1372 817 1610 892 fameS,
1635 815 1781 898 jam
1808 814 2010 898 plena
2040 812 2266 876 soluto

622 919 811 982 Urna
839 918 1002 995 viro,
1030 917 1307 980 redeunt
1338 918 1660 993 volucres,
1691 916 2108 996 mulcentque
2135 917 2491 995 parentem,

622 1020 867 1085 Annua
900 1018 1287 1082 Memnonio
1316 1023 1535 1100 pactae
1565 1017 1865 1081 solennia
1895 1016 2118 1077 busto.

703 1121 904 1184 Parte
934 1121 1067 1183 alia
1096 1119 1270 1183 natis
1302 1117 1551 1182 flendos
1579 1119 1909 1180 instaurat
1934 1116 2222 1179 honores
2311 1137 2322 1170 :

624 1221 872 1285 Infelix
900 1221 1215 1297 Hecuba,
1238 1221 1366 1282 heu
1392 1226 1680 1302 quantos
1710 1218 1913 1282 enixa
1941 1213 2240 1280 dolores!

620 1321 667 1386 J
671 1342 777 1384 am
809 1323 1095 1385 tumulos
1125 1339 1459 1384 numerare
1490 1322 1669 1398 licet,
1690 1320 1834 1402 jam
1859 1318 2062 1382 tertia
2090 1313 2344 1398 plangit

624 1424 923 1486 Funera:
971 1425 1071 1486 sic
1103 1421 1345 1493 Niobe,
1374 1422 1653 1504 geminis
1684 1425 1918 1487 orbata
1947 1418 2295 1502 pharetriS,

625 1523 846 1600 Quem
877 1523 1157 1604 peperit,
1189 1522 1515 1605 populum
1539 1521 1746 1597 flevit,
1772 1540 1890 1584 nec
1920 1521 2185 1603 parcior
2215 1517 2315 1579 ira

620 1625 945 1689 junonis:
991 1624 1207 1704 gravis
1235 1623 1390 1687 huic
1424 1623 1753 1699 Saturnia,
1785 1621 2026 1686 Delius
2049 1621 2166 1685 illi.
2274 1620 2283 1630 “

2665 1507 2793 1570 400

708 1723 1036 1787 Aruerant
1058 1725 1397 1807 lacrymae,
1424 1722 1943 1804 deploratusque
1976 1720 2272 1804 sepulcri
2353 1701 2358 1706 ’

616 1823 667 1887 'J
672 1843 781 1887 am
812 1824 1075 1900 tacituS‚
1098 1823 1242 1906 jam
1267 1824 1489 1886 siccus
1518 1818 1776 1887 honos:
1825 1829 1896 1888 at
1925 1823 2114 1885 solus
2136 1822 2200 1884 in
2235 1821 2408 1883 altas

623 1923 973 1988 Maternus
1005 1926 1249 1989 crescit
1276 1943 1470 1988 curas
1501 1925 1715 2001 dolor,
1741 1925 2004 1988 excitat·
2021 1941 2268 2004 aegrum

622 2023 953 2089 Anxietas
984 2027 1296 2102 animum,
1325 2026 1723 2108 fraudesque
1747 2028 1822 2089 in
1844 2031 2003 2089 vota
2029 2024 2366 2087 ministras

2664 2015 2793 2076 405

622 2123 820 2189 Ultor
846 2126 1046 2189 habet
1072 2127 1389 2203 gemitus:
1438 2128 1702 2191 stabant
1730 2125 2061 2189 radiantia
2089 2122 2350 2186 Phoebo

620 2224 907 2308 Templa·
924 2227 1323 2302 suburbano,
1355 2246 1727 2310 nomenque
1742 2235 2034 2290 auctura
2057 2225 2320 2305 tegebat

621 2325 900 2406 Lanugo
931 2326 1333 2406 Thymbraea
1368 2329 1611 2400 Deum,
1643 2326 2022 2405 circumque
2053 2339 2382 2402 supraque

1601 2507 1649 2555 N
1659 2504 1816 2555 01·AE

607 2602 870 2671 ‘merarius
887 2603 1131 2666 problem·
1144 2609 1191 2654 2.
1210 2605 1399 2654 Decnr.
1412 2618 1499 2654 m.
1517 2602 1670 2653 Diod.

620 2678 723 2727 Sic.
739 2692 789 2726 v.
810 2694 861 2739 p.
878 2682 993 2727 327.
1026 2678 1377 2728 Nazianzenus
1400 2680 1453 2727 in
1469 2680 1568 2741 Ep.
1585 2682 1669 2727 61.

622 2754 884 2815 Gyraldus
910 2753 976 2801 de
996 2754 1109 2801 Diis
1133 2756 1359 2817 gentium
1384 2756 1600 2817 syntag.
1626 2758 1672 2801 1.

621 2829 757 2877 Vide
774 2828 928 2876 etiarn
947 2829 1143 2877 B'onav.
1175 2829 1485 2877 Vulcanium
1496 2828 1672 2876 Anno-

622 2910 721 2953 tat.
744 2904 793 2950 in
820 2904 1203 2957 Callimachum,
1222 2918 1276 2965 p.
1298 2907 1413 2951 216.
1481 2902 1674 2951 Noster

624 2993 741 3025 cum
775 2978 993 3039 Papinio
1035 2976 1210 3025 fabros
1244 2977 1399 3025 fuisse
1444 2979 1570 3039 vult,
1605 2978 1671 3027 de

622 3051 809 3114 quibus
831 3052 886 3097 in
906 3050 1109 3112 fabulis,
1122 3052 1233 3101 illos
1254 3050 1443 3101 falcem
1464 3053 1670 3101 Saturni

624 3125 914 3176 excudisse.
966 3126 1212 3189 Papinius
1235 3128 1423 3177 monile
1450 3128 1673 3177 Harmo-

623 3202 735 3249 nies
754 3200 955 3249 illorum
978 3215 1104 3264 opus
1124 3200 1251 3251 facit
1282 3209 1337 3252 et
1369 3203 1672 3266 Cyclopum,

622 3290 691 3326 n.
766 3278 960 3327 Noster
1000 3277 1147 3328 Jovis
1193 3278 1407 3327 fulmina
1449 3278 1513 3327 ab
1568 3280 1668 3329 illis

621 3350 910 3401 fabrefacta
946 3352 1069 3401 vult.
1135 3352 1336 3417 Aquilae
1360 3354 1446 3403 illa
1471 3356 1669 3404 vectori

624 3427 901 3477 committit
917 3440 1032 3475 cnm
1055 3428 1311 3488 Papinio:
1343 3427 1361 3454 ‘
1383 3442 1484 3476 non
1507 3427 1670 3477 fulmi-

623 3503 705 3551 nis
724 3502 908 3550 ardens
928 3503 1124 3551 Vector
1150 3501 1334 3551 adest!
1400 3504 1537 3553 Hinc
1561 3510 1575 3531 ⁸
1591 3518 1670 3553 ar-

622 3579 787 3641 miger
807 3576 987 3637 Jovis:
1026 3584 1080 3626 et
1108 3575 1129 3603 ‘
1146 3578 1380 3625 minister
1410 3576 1670 3626 fulminis.'

623 3652 757 3701 Hor.
796 3664 891 3699 ιν-
915 3665 1074 3699 carm.
1112 3658 1169 3700 et
1216 3652 1233 3677 ‘
1257 3650 1445 3699 famula
1483 3650 1670 3701 Jovia’

622 3727 745 3777 JuV.
786 3738 904 3773 xiv.
941 3726 1061 3788 quia
1094 3724 1329 3773 immunis
1351 3724 1417 3773 ab
1440 3726 1546 3775 ictu
1570 3724 1668 3775 ful-

623 3803 795 3851 minis.
859 3800 995 3849 Vide
1018 3800 1153 3847 Plin.
1181 3814 1243 3849 ιι.
1268 3806 1349 3849 55.

688 3880 781 3925 395
805 3874 984 3925 Annua
1005 3876 1275 3924 Memnonio
1290 3881 1444 3939 μισέω
1461 3880 1675 3929 solennia

624 3950 780 4012 basto]
802 3950 1065 4000 Describit
1080 3949 1297 3999 Ovidius
1309 3964 1439 4000 xnr.
1458 3952 1674 4003 Metam.

625 4026 763 4073 Alibi
784 4043 795 4071 :
820 4026 836 4053 ‘
856 4026 939 4074 Sic
959 4026 1247 4074 Memnonis
1269 4023 1462 4075 umbr‘ae
1488 4027 1674 4079 Annua

628 4103 822 4150 solenni
868 4102 1010 4151 coede
1032 4110 1290 4167 ⁴parentat
1328 4104 1473 4153 avis.’
1515 4106 1672 4156 ‘Vide

630 4173 899 4225 Moschum
924 4176 1115 4241 Eidyn.
1130 4183 1177 4227 3.
1202 4179 1359 4230 Mart.
1382 4194 1437 4231 x·
1460 4180 1557 4244 Ep.
1590 4186 1673 4233 61.

1750 2605 1767 2631 ⁴
1783 2600 2023 2659 Manibus
2042 2597 2237 2659 exiguis
2272 2611 2438 2645 annua
2458 2597 2602 2659 justa
2625 2594 2744 2641 dato
2761 2592 2797 2639 :'

1751 2676 1955 2725 Graecis
1992 2672 2163 2733 ἔννομα
2185 2671 2263 2720 καὶ
2285 2669 2560 2730 νομιζόμενα
2582 2668 2796 2716 aeteva-a

1717 2784 1720 2789 -
1751 2754 1948 2813 σώματα.
1967 2752 2098 2801 ὅσιον
2112 2750 2228 2799 εἶναι
2245 2748 2420 2811 νόμιζε.
2476 2746 2601 2797 lsid.
2618 2746 2794 2793 Peius.

1754 2845 1832 2879 ιν.
1853 2832 1953 2893 Ep.
1974 2834 2082 2877 157.
2119 2828 2235 2877 vide
2257 2842 2411 2890 supra
2433 2830 2514 2873 ⁷5.
2535 2830 2587 2872 et
2607 2819 2796 2871 Herai-

1753 2905 1872 2953 dum
1896 2904 1960 2953 ad
1979 2903 2266 2952 Martialem
2287 2902 2339 2951 d.
2365 2902 2398 2950 l.

1813 2983 1910 3027 402
1965 2980 2206 3028 Aruerant
2250 2974 2494 3040 lacrymas]
2533 2972 2796 3036 Apollonii

1751 3054 1991 3103 Rhetoris
2031 3058 2176 3103 erat:
2225 3050 2360 3100 οὐδὲν
2395 3050 2589 3113 δακρύου
2618 3052 2798 3099 θᾶσσον

1749 3130 2025 3193 ξηραίνεται,
2059 3128 2195 3192 quod
2235 3128 2392 3176 etism
2427 3125 2563 3190 apud
2589 3126 2795 3175 Cicero-

1747 3220 1883 3261 nem,
1905 3204 2138 3254 Curtium
2161 3211 2216 3252 et
2247 3203 2616 3253 Quintilianum
2651 3216 2797 3265 repe-

1747 3293 1863 3327 ries.

1810 3357 1904 3402 405
1923 3353 2221 3416 Fraudesqne
2243 3354 2294 3403 ia
2313 3360 2420 3404 vota
2434 3354 2683 3405 ministras
2709 3354 2794 3402 Ul·

1750 3433 1826 3476 tor
1837 3428 1974 3475 habet
1987 3429 2214 3491 gemitus]
2235 3430 2390 3479 Ovid.
2417 3432 2432 3459 ‘
2447 3430 2638 3493 grande
2653 3429 2797 3477 dolo-

1749 3504 1820 3551 ris
1839 3504 2126 3565 ingenium?
2161 3506 2512 3555 Nazianzenus
2534 3505 2585 3554 in
2609 3502 2795 3553 funere

1751 3578 2004 3641 parentis:
2039 3580 2278 3641 εὕρητικδιι
2296 3580 2356 3629 τὸ
2375 3580 2596 3642 πάσχειν,
2615 3584 2798 3643 p.-304.

1749 3654 1875 3702 item
1916 3656 2015 3717 Ep.
2050 3660 2134 3705 66.
2190 3658 2488 3720 Fulgentius
2526 3656 2794 3707 placiades

1749 3732 1967 3793 Mythol.
1993 3746 2029 3781 ι.
2053 3747 2103 3795 p.
2135 3737 2241 3782 129.
2273 3741 2289 3763 ⁴
2317 3734 2519 3783 Doloris
2542 3735 2795 3796 angustia,

1749 3821 1864 3869 quae
1889 3820 2092 3869 semper
2111 3808 2326 3873 inquirit
2361 3810 2685 3859 necessitatis
2707 3823 2796 3858 so·

1751 3881 1965 3947 latium,'
1997 3888 2094 3934 διο.

1816 3961 1914 4007 4⁰8
1955 3959 2155 4022 Laaugo
2179 3962 2502 4027 Thymluwu]⁵
2527 3963 2714 4027 Dictys
2731 3975 2798 4013 ιι.

1752 4032 1768 4061 ‘
1785 4032 1982 4083 lucum’
1999 4036 2255 4086 nominat:
2277 4038 2474 4089 Noster
2497 4052 2593 4101 per
2617 4041 2637 4077 ἔ
2652 4039 2798 4087 lana.

1753 4110 1922 4172 ginem
1934 4110 1948 4133 '
1973 4112 2223 4161 lauretum
2241 4114 2504 4175 intelligia·
2517 4123 2575 4165 ut
2583 4129 2795 4180 sequen·

1753 4185 1825 4234 tia
1835 4186 2114 4249 explicant.
2126 4188 2208 4237 Ita
2220 4194 2234 4216 ‘
2243 4188 2496 4239 umbram’
2506 4190 2691 4242 Poetae
2704 4201 2796 4257 pro
