<?xml version="1.0" encoding="UTF-8"?>
<!DOCTYPE html PUBLIC "-//W3C//DTD XHTML 1.0 Transitional//EN"
    "http://www.w3.org/TR/xhtml1/DTD/xhtml1-transitional.dtd">
<html xmlns="http://www.w3.org/1999/xhtml" xml:lang="en" lang="en">
 <head>
  <title>
</title>
<meta http-equiv="Content-Type" content="text/html;charset=utf-8" />
  <meta name='ocr-system' content='tesseract 3.04.00' />
  <meta name='ocr-capabilities' content='ocr_page ocr_carea ocr_par ocr_line ocrx_word'/>
</head>
<body>
  <div class='ocr_page' id='page_1' title='image "./dictyscretensis01dresgoog_0173.png"; bbox 0 0 3173 4957; ppageno 0'>
   <div class='ocr_carea' id='block_1_1' title="bbox 956 454 2040 509">
    <p class='ocr_par' dir='ltr' id='par_1_1' title="bbox 956 454 2040 509">
     <span class='ocr_line' id='line_1_1' title="bbox 956 454 2040 509; baseline 0.004 -9"><span class='ocrx_word' id='word_1_1' title='bbox 956 456 1051 509; x_wconf 75' lang='grc' dir='ltr'><strong>ΠΕ</strong></span> <span class='ocrx_word' id='word_1_2' title='bbox 1103 454 1342 502; x_wconf 72' lang='lat' dir='ltr'><strong>BELLO&#39;</strong></span> <span class='ocrx_word' id='word_1_3' title='bbox 1386 455 1732 503; x_wconf 59' lang='lat' dir='ltr'>TROJANO</span> <span class='ocrx_word' id='word_1_4' title='bbox 1781 456 1924 504; x_wconf 70' lang='grc' dir='ltr'><strong>[ΑΒ.</strong></span> <span class='ocrx_word' id='word_1_5' title='bbox 1972 460 2040 504; x_wconf 80' lang='lat' dir='ltr'><strong>V·</strong></span> 
     </span>
    </p>
   </div>
   <div class='ocr_carea' id='block_1_2' title="bbox 401 594 2008 680">
    <p class='ocr_par' dir='ltr' id='par_1_2' title="bbox 401 594 2008 680">
     <span class='ocr_line' id='line_1_2' title="bbox 401 594 2008 680; baseline 0.002 -19"><span class='ocrx_word' id='word_1_6' title='bbox 401 598 753 663; x_wconf 88' lang='lat' dir='ltr'><strong>Alternant</strong></span> <span class='ocrx_word' id='word_1_7' title='bbox 780 596 1105 661; x_wconf 85' lang='lat' dir='ltr'><strong>hincinde</strong></span> <span class='ocrx_word' id='word_1_8' title='bbox 1136 594 1360 680; x_wconf 74' lang='lat' dir='ltr'><strong>p&#39;areS,</strong></span> <span class='ocrx_word' id='word_1_9' title='bbox 1380 607 1450 661; x_wconf 92' lang='lat' dir='ltr'><strong>et</strong></span> <span class='ocrx_word' id='word_1_10' title='bbox 1477 598 1714 662; x_wconf 82' lang='lat' dir='ltr'><strong>funera</strong></span> <span class='ocrx_word' id='word_1_11' title='bbox 1742 595 2008 665; x_wconf 85' lang='lat' dir='ltr'><strong>librant.</strong></span> 
     </span>
    </p>
   </div>
   <div class='ocr_carea' id='block_1_3' title="bbox 2457 448 2588 667">
    <p class='ocr_par' dir='ltr' id='par_1_3' title="bbox 2457 448 2588 667">
     <span class='ocr_line' id='line_1_3' title="bbox 2459 448 2588 511; baseline 0.016 -2"><span class='ocrx_word' id='word_1_12' title='bbox 2459 448 2588 511; x_wconf 79' lang='lat'><strong>515</strong></span> 
     </span>
     <span class='ocr_line' id='line_1_4' title="bbox 2457 602 2588 667; baseline 0 -1"><span class='ocrx_word' id='word_1_13' title='bbox 2457 602 2588 667; x_wconf 78' lang='lat'><strong>355</strong></span> 
     </span>
    </p>
   </div>
   <div class='ocr_carea' id='block_1_4' title="bbox 399 695 2104 1085">
    <p class='ocr_par' dir='ltr' id='par_1_4' title="bbox 399 695 2104 1085">
     <span class='ocr_line' id='line_1_5' title="bbox 403 695 1972 781; baseline 0.001 -18"><span class='ocrx_word' id='word_1_14' title='bbox 403 699 654 763; x_wconf 84' lang='lat' dir='ltr'><strong>Rarior</strong></span> <span class='ocrx_word' id='word_1_15' title='bbox 684 695 1037 779; x_wconf 87' lang='lat' dir='ltr'><strong>Argolicas</strong></span> <span class='ocrx_word' id='word_1_16' title='bbox 1060 699 1229 762; x_wconf 83' lang='lat' dir='ltr'><strong>ferro</strong></span> <span class='ocrx_word' id='word_1_17' title='bbox 1258 698 1634 781; x_wconf 76' lang='lat' dir='ltr'>populante</span> <span class='ocrx_word' id='word_1_18' title='bbox 1665 706 1972 765; x_wconf 86' lang='lat' dir='ltr'><strong>catervas</strong></span> 
     </span>
     <span class='ocr_line' id='line_1_6' title="bbox 402 797 1991 884; baseline 0.001 -21"><span class='ocrx_word' id='word_1_19' title='bbox 402 798 689 882; x_wconf 82' lang='lat' dir='ltr'>Agmina</span> <span class='ocrx_word' id='word_1_20' title='bbox 719 797 1000 862; x_wconf 81' lang='lat' dir='ltr'><strong>laxabat</strong></span> <span class='ocrx_word' id='word_1_21' title='bbox 1024 798 1239 876; x_wconf 71' lang='lat' dir='ltr'><strong>mileS,</strong></span> <span class='ocrx_word' id='word_1_22' title='bbox 1269 799 1628 883; x_wconf 84' lang='lat' dir='ltr'><strong>sociosque</strong></span> <span class='ocrx_word' id='word_1_23' title='bbox 1657 806 1991 884; x_wconf 84' lang='lat' dir='ltr'><strong>superstes</strong></span> 
     </span>
     <span class='ocr_line' id='line_1_7' title="bbox 402 895 2104 984; baseline 0.001 -21"><span class='ocrx_word' id='word_1_24' title='bbox 402 895 767 979; x_wconf 74' lang='lat' dir='ltr'><strong>Quaerebat</strong></span> <span class='ocrx_word' id='word_1_25' title='bbox 785 899 931 983; x_wconf 90' lang='lat' dir='ltr'><strong>jam</strong></span> <span class='ocrx_word' id='word_1_26' title='bbox 960 900 1157 963; x_wconf 87' lang='lat' dir='ltr'><strong>turba</strong></span> <span class='ocrx_word' id='word_1_27' title='bbox 1177 917 1364 975; x_wconf 82' lang='lat' dir='ltr'><strong>suos,</strong></span> <span class='ocrx_word' id='word_1_28' title='bbox 1398 918 1552 963; x_wconf 89' lang='lat' dir='ltr'><strong>cum</strong></span> <span class='ocrx_word' id='word_1_29' title='bbox 1582 905 1880 983; x_wconf 86' lang='lat' dir='ltr'><strong>tempore</strong></span> <span class='ocrx_word' id='word_1_30' title='bbox 1908 904 2104 984; x_wconf 87' lang='lat' dir='ltr'><strong>rapto</strong></span> 
     </span>
     <span class='ocr_line' id='line_1_8' title="bbox 399 998 2031 1085; baseline -0.001 -19"><span class='ocrx_word' id='word_1_31' title='bbox 399 1001 759 1085; x_wconf 80' lang='lat' dir='ltr'><strong>Imperiale,</strong></span> <span class='ocrx_word' id='word_1_32' title='bbox 784 1007 1040 1077; x_wconf 72' lang='lat' dir='ltr'><strong>tonanS,</strong></span> <span class='ocrx_word' id='word_1_33' title='bbox 1072 999 1254 1065; x_wconf 84' lang='lat' dir='ltr'><strong>acies</strong></span> <span class='ocrx_word' id='word_1_34' title='bbox 1289 998 1698 1083; x_wconf 81' lang='lat' dir='ltr'><strong>Agamemno</strong></span> <span class='ocrx_word' id='word_1_35' title='bbox 1731 1000 2031 1067; x_wconf 79' lang='lat' dir='ltr'><strong>labantes</strong></span> 
     </span>
    </p>
   </div>
   <div class='ocr_carea' id='block_1_5' title="bbox 397 1101 2258 1186">
    <p class='ocr_par' dir='ltr' id='par_1_5' title="bbox 397 1101 2258 1186">
     <span class='ocr_line' id='line_1_9' title="bbox 397 1101 2258 1186; baseline 0.001 -20"><span class='ocrx_word' id='word_1_36' title='bbox 397 1102 726 1186; x_wconf 89' lang='lat' dir='ltr'><strong>Increpat,</strong></span> <span class='ocrx_word' id='word_1_37' title='bbox 758 1101 1077 1178; x_wconf 79' lang='lat' dir='ltr'><strong>hortatur,</strong></span> <span class='ocrx_word' id='word_1_38' title='bbox 1099 1102 1313 1186; x_wconf 77' lang='lat' dir='ltr'><strong>jub&#39;e&#39;t,</strong></span> <span class='ocrx_word' id='word_1_39' title='bbox 1332 1102 1615 1180; x_wconf 85' lang='lat' dir='ltr'><strong>instruit,</strong></span> <span class='ocrx_word' id='word_1_40' title='bbox 1644 1107 1842 1186; x_wconf 85' lang='lat' dir='ltr'><strong>atque·</strong></span> <span class='ocrx_word' id='word_1_41' title='bbox 1870 1104 2012 1167; x_wconf 89' lang='lat' dir='ltr'><strong>obit</strong></span> <span class='ocrx_word' id='word_1_42' title='bbox 2033 1122 2258 1167; x_wconf 84' lang='lat' dir='ltr'><strong>omnes</strong></span> 
     </span>
    </p>
   </div>
   <div class='ocr_carea' id='block_1_6' title="bbox 2458 1106 2590 1169">
    <p class='ocr_par' dir='ltr' id='par_1_6' title="bbox 2458 1106 2590 1169">
     <span class='ocr_line' id='line_1_10' title="bbox 2458 1106 2590 1169; baseline -0.015 0"><span class='ocrx_word' id='word_1_43' title='bbox 2458 1106 2590 1169; x_wconf 78' lang='lat'><strong>860</strong></span> 
     </span>
    </p>
   </div>
   <div class='ocr_carea' id='block_1_7' title="bbox 396 1202 2258 1488">
    <p class='ocr_par' dir='ltr' id='par_1_7' title="bbox 396 1202 2258 1488">
     <span class='ocr_line' id='line_1_11' title="bbox 400 1202 1896 1287; baseline 0 -20"><span class='ocrx_word' id='word_1_44' title='bbox 400 1204 677 1267; x_wconf 85' lang='lat' dir='ltr'><strong>OEbalio</strong></span> <span class='ocrx_word' id='word_1_45' title='bbox 706 1203 1014 1266; x_wconf 88' lang='lat' dir='ltr'><strong>sublimis</strong></span> <span class='ocrx_word' id='word_1_46' title='bbox 1046 1208 1249 1285; x_wconf 85' lang='lat' dir='ltr'><strong>equo,</strong></span> <span class='ocrx_word' id='word_1_47' title='bbox 1278 1202 1614 1287; x_wconf 71' lang='lat' dir='ltr'><strong>citiusque</strong></span> <span class='ocrx_word' id='word_1_48' title='bbox 1637 1202 1896 1267; x_wconf 86' lang='lat' dir='ltr'><strong>futuras</strong></span> 
     </span>
     <span class='ocr_line' id='line_1_12' title="bbox 398 1302 2258 1386; baseline 0.002 -20"><span class='ocrx_word' id='word_1_49' title='bbox 398 1302 703 1385; x_wconf 87' lang='lat' dir='ltr'><strong>Spondet</strong></span> <span class='ocrx_word' id='word_1_50' title='bbox 732 1322 934 1386; x_wconf 81' lang='lat' dir='ltr'><strong>opes:</strong></span> <span class='ocrx_word' id='word_1_51' title='bbox 985 1322 1112 1368; x_wconf 87' lang='lat' dir='ltr'><strong>nec</strong></span> <span class='ocrx_word' id='word_1_52' title='bbox 1148 1305 1319 1367; x_wconf 89' lang='lat' dir='ltr'><strong>enim</strong></span> <span class='ocrx_word' id='word_1_53' title='bbox 1354 1304 1620 1369; x_wconf 87' lang='lat' dir='ltr'><strong>Moesas</strong></span> <span class='ocrx_word' id='word_1_54' title='bbox 1653 1324 1903 1369; x_wconf 87' lang='lat' dir='ltr'><strong>armare</strong></span> <span class='ocrx_word' id='word_1_55' title='bbox 1933 1303 2258 1370; x_wconf 77' lang='lat' dir='ltr'><strong>cohortes&#39;</strong></span> 
     </span>
     <span class='ocr_line' id='line_1_13' title="bbox 396 1402 2142 1488; baseline 0.001 -22"><span class='ocrx_word' id='word_1_56' title='bbox 396 1404 762 1486; x_wconf 77' lang='lat' dir='ltr'><strong>TelephuS,</strong></span> <span class='ocrx_word' id='word_1_57' title='bbox 794 1410 863 1467; x_wconf 90' lang='lat' dir='ltr'><strong>et</strong></span> <span class='ocrx_word' id='word_1_58' title='bbox 891 1402 1129 1488; x_wconf 77' lang='lat' dir='ltr'><strong>plenas</strong></span> <span class='ocrx_word' id='word_1_59' title='bbox 1161 1405 1424 1470; x_wconf 84' lang='lat' dir='ltr'><strong>Danais</strong></span> <span class='ocrx_word' id='word_1_60' title='bbox 1456 1406 1616 1469; x_wconf 87' lang='lat' dir='ltr'><strong>dare</strong></span> <span class='ocrx_word' id='word_1_61' title='bbox 1643 1406 1899 1471; x_wconf 85' lang='lat' dir='ltr'><strong>differet</strong></span> <span class='ocrx_word' id='word_1_62' title='bbox 1928 1407 2142 1470; x_wconf 86' lang='lat' dir='ltr'><strong>alnos.</strong></span> 
     </span>
    </p>
   </div>
   <div class='ocr_carea' id='block_1_8' title="bbox 398 1504 2298 1690">
    <p class='ocr_par' dir='ltr' id='par_1_8' title="bbox 398 1504 2298 1690">
     <span class='ocr_line' id='line_1_14' title="bbox 398 1504 2298 1589; baseline 0.001 -22"><span class='ocrx_word' id='word_1_63' title='bbox 398 1504 607 1568; x_wconf 83' lang='lat' dir='ltr'><strong>Haud</strong></span> <span class='ocrx_word' id='word_1_64' title='bbox 634 1524 845 1581; x_wconf 88' lang='lat' dir='ltr'><strong>mora,</strong></span> <span class='ocrx_word' id='word_1_65' title='bbox 875 1506 1284 1588; x_wconf 76' lang='lat' dir='ltr'><strong>praecipitem</strong></span> <span class='ocrx_word' id='word_1_66' title='bbox 1316 1507 1553 1571; x_wconf 81' lang='lat' dir='ltr'><strong>faciles</strong></span> <span class='ocrx_word' id='word_1_67' title='bbox 1583 1506 1909 1589; x_wconf 81' lang='lat' dir='ltr'><strong>repetisse</strong></span> <span class='ocrx_word' id='word_1_68' title='bbox 1941 1507 2298 1571; x_wconf 85' lang='lat' dir='ltr'><strong>tumultum</strong></span> 
     </span>
     <span class='ocr_line' id='line_1_15' title="bbox 398 1605 2148 1690; baseline 0.001 -22"><span class='ocrx_word' id='word_1_69' title='bbox 398 1605 661 1670; x_wconf 86' lang='lat' dir='ltr'><strong>Ictibus</strong></span> <span class='ocrx_word' id='word_1_70' title='bbox 692 1605 1030 1687; x_wconf 84' lang='lat' dir='ltr'><strong>indulgent</strong></span> <span class='ocrx_word' id='word_1_71' title='bbox 1059 1625 1295 1670; x_wconf 87' lang='lat' dir='ltr'><strong>omnes</strong></span> <span class='ocrx_word' id='word_1_72' title='bbox 1316 1625 1337 1668; x_wconf 71' lang='lat' dir='ltr'><strong>t</strong></span> <span class='ocrx_word' id='word_1_73' title='bbox 1378 1607 1525 1690; x_wconf 91' lang='lat' dir='ltr'><strong>jam</strong></span> <span class='ocrx_word' id='word_1_74' title='bbox 1556 1626 1852 1689; x_wconf 84' lang='lat' dir='ltr'><strong>quaerere</strong></span> <span class='ocrx_word' id='word_1_75' title='bbox 1879 1609 2148 1688; x_wconf 84' lang='lat' dir='ltr'><strong>longum</strong></span> 
     </span>
    </p>
   </div>
   <div class='ocr_carea' id='block_1_9' title="bbox 2449 1605 2579 1669">
    <p class='ocr_par' dir='ltr' id='par_1_9' title="bbox 2449 1605 2579 1669">
     <span class='ocr_line' id='line_1_16' title="bbox 2449 1605 2579 1669; baseline 0.015 -2"><span class='ocrx_word' id='word_1_76' title='bbox 2449 1605 2579 1669; x_wconf 80' lang='lat'><strong>365</strong></span> 
     </span>
    </p>
   </div>
   <div class='ocr_carea' id='block_1_10' title="bbox 396 1703 2436 1990">
    <p class='ocr_par' dir='ltr' id='par_1_10' title="bbox 396 1703 2436 1990">
     <span class='ocr_line' id='line_1_17' title="bbox 398 1703 2436 1791; baseline 0 -22"><span class='ocrx_word' id='word_1_77' title='bbox 398 1703 575 1782; x_wconf 84' lang='lat' dir='ltr'><strong>Quae</strong></span> <span class='ocrx_word' id='word_1_78' title='bbox 606 1707 865 1785; x_wconf 83' lang='lat' dir='ltr'><strong>feriant,</strong></span> <span class='ocrx_word' id='word_1_79' title='bbox 895 1707 1295 1791; x_wconf 88' lang='lat' dir='ltr'><strong>tardumque</strong></span> <span class='ocrx_word' id='word_1_80' title='bbox 1324 1708 1512 1772; x_wconf 89' lang='lat' dir='ltr'><strong>dari:</strong></span> <span class='ocrx_word' id='word_1_81' title='bbox 1558 1726 1795 1773; x_wconf 89' lang='lat' dir='ltr'><strong>manus</strong></span> <span class='ocrx_word' id='word_1_82' title='bbox 1826 1709 2048 1771; x_wconf 88' lang='lat' dir='ltr'><strong>omnis</strong></span> <span class='ocrx_word' id='word_1_83' title='bbox 2081 1708 2150 1770; x_wconf 91' lang='lat' dir='ltr'><strong>in</strong></span> <span class='ocrx_word' id='word_1_84' title='bbox 2180 1708 2436 1771; x_wconf 78' lang='lat' dir='ltr'><strong>hostem</strong></span> 
     </span>
     <span class='ocr_line' id='line_1_18' title="bbox 397 1806 2068 1888; baseline 0.001 -20"><span class='ocrx_word' id='word_1_85' title='bbox 397 1806 761 1884; x_wconf 84' lang='lat' dir='ltr'><strong>Fulminat,</strong></span> <span class='ocrx_word' id='word_1_86' title='bbox 791 1814 857 1869; x_wconf 91' lang='lat' dir='ltr'><strong>et</strong></span> <span class='ocrx_word' id='word_1_87' title='bbox 884 1807 1056 1871; x_wconf 88' lang='lat' dir='ltr'><strong>nulli</strong></span> <span class='ocrx_word' id='word_1_88' title='bbox 1082 1807 1247 1871; x_wconf 81' lang='lat' dir='ltr'><strong>furit</strong></span> <span class='ocrx_word' id='word_1_89' title='bbox 1273 1807 1503 1888; x_wconf 86' lang='lat' dir='ltr'><strong>irrita;</strong></span> <span class='ocrx_word' id='word_1_90' title='bbox 1546 1808 1794 1888; x_wconf 86' lang='lat' dir='ltr'><strong>gaudia</strong></span> <span class='ocrx_word' id='word_1_91' title='bbox 1826 1808 2068 1871; x_wconf 83' lang='lat' dir='ltr'><strong>Martis</strong></span> 
     </span>
     <span class='ocr_line' id='line_1_19' title="bbox 396 1904 2083 1990; baseline 0 -22"><span class='ocrx_word' id='word_1_92' title='bbox 396 1904 726 1983; x_wconf 86' lang='lat' dir='ltr'><strong>Horrida,</strong></span> <span class='ocrx_word' id='word_1_93' title='bbox 754 1906 1163 1990; x_wconf 80' lang='lat' dir='ltr'><strong>deliciasque</strong></span> <span class='ocrx_word' id='word_1_94' title='bbox 1195 1915 1446 1983; x_wconf 74' lang='lat' dir='ltr'><strong>truceS,</strong></span> <span class='ocrx_word' id='word_1_95' title='bbox 1476 1906 1796 1983; x_wconf 81' lang='lat' dir='ltr'><strong>effervere</strong></span> <span class='ocrx_word' id='word_1_96' title='bbox 1827 1908 2083 1986; x_wconf 88' lang='lat' dir='ltr'><strong>passim</strong></span> 
     </span>
    </p>
   </div>
   <div class='ocr_carea' id='block_1_11' title="bbox 394 2004 2183 2192">
    <p class='ocr_par' dir='ltr' id='par_1_11' title="bbox 394 2004 2183 2192">
     <span class='ocr_line' id='line_1_20' title="bbox 394 2004 2183 2090; baseline 0 -21"><span class='ocrx_word' id='word_1_97' title='bbox 394 2007 794 2088; x_wconf 83' lang='lat' dir='ltr'><strong>Aspiceres:</strong></span> <span class='ocrx_word' id='word_1_98' title='bbox 839 2005 990 2071; x_wconf 86' lang='lat' dir='ltr'><strong>fluit</strong></span> <span class='ocrx_word' id='word_1_99' title='bbox 1016 2007 1172 2072; x_wconf 90' lang='lat' dir='ltr'><strong>huic</strong></span> <span class='ocrx_word' id='word_1_100' title='bbox 1203 2008 1274 2070; x_wconf 88' lang='lat' dir='ltr'><strong>in</strong></span> <span class='ocrx_word' id='word_1_101' title='bbox 1310 2009 1529 2071; x_wconf 86' lang='lat' dir='ltr'><strong>vultus</strong></span> <span class='ocrx_word' id='word_1_102' title='bbox 1558 2007 1840 2090; x_wconf 85' lang='lat' dir='ltr'><strong>pulchra</strong></span> <span class='ocrx_word' id='word_1_103' title='bbox 1867 2004 2183 2087; x_wconf 80' lang='lat' dir='ltr'><strong>genarum</strong></span> 
     </span>
     <span class='ocr_line' id='line_1_21' title="bbox 394 2106 2130 2192; baseline 0 -23"><span class='ocrx_word' id='word_1_104' title='bbox 394 2106 621 2189; x_wconf 86' lang='lat' dir='ltr'><strong>Rapta</strong></span> <span class='ocrx_word' id='word_1_105' title='bbox 652 2106 818 2184; x_wconf 83' lang='lat' dir='ltr'><strong>dies,</strong></span> <span class='ocrx_word' id='word_1_106' title='bbox 852 2116 1073 2170; x_wconf 89' lang='lat' dir='ltr'><strong>mento</strong></span> <span class='ocrx_word' id='word_1_107' title='bbox 1101 2108 1209 2172; x_wconf 85' lang='lat' dir='ltr'><strong>hic</strong></span> <span class='ocrx_word' id='word_1_108' title='bbox 1241 2108 1594 2192; x_wconf 83' lang='lat' dir='ltr'><strong>linguaque</strong></span> <span class='ocrx_word' id='word_1_109' title='bbox 1629 2114 1698 2171; x_wconf 89' lang='lat' dir='ltr'><strong>et</strong></span> <span class='ocrx_word' id='word_1_110' title='bbox 1726 2126 1886 2171; x_wconf 89' lang='lat' dir='ltr'><strong>nare</strong></span> <span class='ocrx_word' id='word_1_111' title='bbox 1917 2107 2130 2172; x_wconf 84' lang='lat' dir='ltr'><strong>recisa</strong></span> 
     </span>
    </p>
   </div>
   <div class='ocr_carea' id='block_1_12' title="bbox 2454 2060 2586 2167">
    <p class='ocr_par' dir='ltr' id='par_1_12' title="bbox 2454 2060 2586 2167">
     <span class='ocr_line' id='line_1_22' title="bbox 2454 2060 2586 2167; baseline -0.008 0"><span class='ocrx_word' id='word_1_112' title='bbox 2454 2060 2586 2167; x_wconf 72' lang='lat'><strong>376-</strong></span> 
     </span>
    </p>
   </div>
   <div class='ocr_carea' id='block_1_13' title="bbox 400 2204 1899 2288">
    <p class='ocr_par' dir='ltr' id='par_1_13' title="bbox 400 2204 1899 2288">
     <span class='ocr_line' id='line_1_23' title="bbox 400 2204 1899 2288; baseline 0.005 -20"><span class='ocrx_word' id='word_1_113' title='bbox 400 2204 723 2269; x_wconf 78' lang='lat' dir='ltr'><strong>informes</strong></span> <span class='ocrx_word' id='word_1_114' title='bbox 754 2212 975 2288; x_wconf 86' lang='lat' dir='ltr'><strong>aperit</strong></span> <span class='ocrx_word' id='word_1_115' title='bbox 995 2208 1224 2285; x_wconf 85' lang='lat' dir='ltr'><strong>rictus,</strong></span> <span class='ocrx_word' id='word_1_116' title='bbox 1252 2208 1357 2271; x_wconf 83' lang='lat' dir='ltr'><strong>his</strong></span> <span class='ocrx_word' id='word_1_117' title='bbox 1386 2208 1575 2273; x_wconf 86' lang='lat' dir='ltr'><strong>auris</strong></span> <span class='ocrx_word' id='word_1_118' title='bbox 1602 2207 1899 2284; x_wconf 81' lang='lat' dir='ltr'><strong>ademta,</strong></span> 
     </span>
    </p>
   </div>
   <div class='ocr_carea' id='block_1_14' title="bbox 1385 2473 1600 2524">
    <p class='ocr_par' dir='ltr' id='par_1_14' title="bbox 1385 2473 1600 2524">
     <span class='ocr_line' id='line_1_24' title="bbox 1385 2473 1600 2524; baseline -0.009 0"><span class='ocrx_word' id='word_1_119' title='bbox 1385 2473 1600 2524; x_wconf 71' lang='lat' dir='ltr'><strong>Nom-t</strong></span> 
     </span>
    </p>
   </div>
   <div class='ocr_carea' id='block_1_15' title="bbox 390 2621 1445 3802">
    <p class='ocr_par' dir='ltr' id='par_1_15' title="bbox 458 2621 1394 2688">
     <span class='ocr_line' id='line_1_25' title="bbox 458 2621 1394 2688; baseline 0.005 -18"><span class='ocrx_word' id='word_1_120' title='bbox 458 2625 550 2670; x_wconf 88' lang='grc'><strong>855</strong></span> <span class='ocrx_word' id='word_1_121' title='bbox 587 2621 839 2681; x_wconf 72' lang='lat' dir='ltr'><strong>Eesunera</strong></span> <span class='ocrx_word' id='word_1_122' title='bbox 858 2623 1057 2688; x_wconf 73' lang='lat' dir='ltr'><strong>librant]</strong></span> <span class='ocrx_word' id='word_1_123' title='bbox 1094 2625 1225 2674; x_wconf 87' lang='lat' dir='ltr'><strong>Vide</strong></span> <span class='ocrx_word' id='word_1_124' title='bbox 1240 2636 1287 2674; x_wconf 72' lang='lat' dir='ltr'><strong>‘r-</strong></span> <span class='ocrx_word' id='word_1_125' title='bbox 1310 2631 1394 2676; x_wconf 77' lang='lat'><strong>98.</strong></span> 
     </span>
    </p>

    <p class='ocr_par' dir='ltr' id='par_1_16' title="bbox 390 2699 1444 3440">
     <span class='ocr_line' id='line_1_26' title="bbox 458 2699 1444 2765; baseline 0.005 -19"><span class='ocrx_word' id='word_1_126' title='bbox 458 2701 554 2746; x_wconf 88' lang='grc'><strong>858</strong></span> <span class='ocrx_word' id='word_1_127' title='bbox 591 2699 713 2747; x_wconf 74' lang='lat' dir='ltr'><strong>Cum</strong></span> <span class='ocrx_word' id='word_1_128' title='bbox 755 2704 961 2762; x_wconf 73' lang='lat' dir='ltr'><strong>tempore</strong></span> <span class='ocrx_word' id='word_1_129' title='bbox 1000 2701 1167 2764; x_wconf 79' lang='lat' dir='ltr'><strong>rapto]</strong></span> <span class='ocrx_word' id='word_1_130' title='bbox 1213 2701 1444 2765; x_wconf 71' lang='grc' dir='ltr'><strong>Εὔκαίρωε</strong></span> 
     </span>
     <span class='ocr_line' id='line_1_27' title="bbox 390 2773 1443 2840; baseline 0.006 -17"><span class='ocrx_word' id='word_1_131' title='bbox 390 2773 469 2823; x_wconf 68' lang='grc' dir='ltr'><strong>καὶ</strong></span> <span class='ocrx_word' id='word_1_132' title='bbox 490 2773 691 2836; x_wconf 68' lang='grc' dir='ltr'><strong>ταχέως,</strong></span> <span class='ocrx_word' id='word_1_133' title='bbox 713 2776 729 2803; x_wconf 99' lang='grc'><strong><em>6</em></strong></span> <span class='ocrx_word' id='word_1_134' title='bbox 757 2775 879 2824; x_wconf 81' lang='lat' dir='ltr'><strong>dum</strong></span> <span class='ocrx_word' id='word_1_135' title='bbox 902 2774 1093 2825; x_wconf 84' lang='lat' dir='ltr'><strong>ferrum</strong></span> <span class='ocrx_word' id='word_1_136' title='bbox 1118 2778 1170 2826; x_wconf 91' lang='lat' dir='ltr'><strong>in</strong></span> <span class='ocrx_word' id='word_1_137' title='bbox 1192 2778 1307 2840; x_wconf 82' lang='lat' dir='ltr'><strong>igne</strong></span> <span class='ocrx_word' id='word_1_138' title='bbox 1328 2778 1443 2834; x_wconf 84' lang='lat' dir='ltr'><strong>est,’</strong></span> 
     </span>
     <span class='ocr_line' id='line_1_28' title="bbox 395 2846 1443 2917; baseline 0.003 -18"><span class='ocrx_word' id='word_1_139' title='bbox 395 2851 469 2899; x_wconf 72' lang='lat' dir='ltr'><strong>ait</strong></span> <span class='ocrx_word' id='word_1_140' title='bbox 488 2846 703 2911; x_wconf 58' lang='lat' dir='ltr'><strong>Seneca,</strong></span> <span class='ocrx_word' id='word_1_141' title='bbox 723 2847 808 2900; x_wconf 76' lang='grc' dir='ltr'><strong>ἕως</strong></span> <span class='ocrx_word' id='word_1_142' title='bbox 840 2847 911 2899; x_wconf 78' lang='grc' dir='ltr'><strong>ἔτι</strong></span> <span class='ocrx_word' id='word_1_143' title='bbox 944 2852 971 2899; x_wconf 75' lang='grc' dir='ltr'><em>ὃ</em></span> <span class='ocrx_word' id='word_1_144' title='bbox 1002 2849 1184 2915; x_wconf 76' lang='grc' dir='ltr'><strong><em>σίδηρος</em></strong></span> <span class='ocrx_word' id='word_1_145' title='bbox 1218 2853 1269 2901; x_wconf 78' lang='grc' dir='ltr'><strong>ἐν</strong></span> <span class='ocrx_word' id='word_1_146' title='bbox 1299 2852 1443 2917; x_wconf 73' lang='grc' dir='ltr'><strong>ἄκμῇ.</strong></span> 
     </span>
     <span class='ocr_line' id='line_1_29' title="bbox 395 2925 1443 2980; baseline 0.004 -5"><span class='ocrx_word' id='word_1_147' title='bbox 395 2926 611 2975; x_wconf 67' lang='lat' dir='ltr'><strong>Nicetes</strong></span> <span class='ocrx_word' id='word_1_148' title='bbox 654 2925 888 2974; x_wconf 78' lang='lat' dir='ltr'><strong>Choniar.</strong></span> <span class='ocrx_word' id='word_1_149' title='bbox 931 2940 1021 2975; x_wconf 83' lang='grc' dir='ltr'><strong>ιιι.</strong></span> <span class='ocrx_word' id='word_1_150' title='bbox 1066 2927 1295 2978; x_wconf 83' lang='lat' dir='ltr'><strong>Manuel.</strong></span> <span class='ocrx_word' id='word_1_151' title='bbox 1332 2933 1443 2980; x_wconf 82' lang='grc'><strong>183.</strong></span> 
     </span>
     <span class='ocr_line' id='line_1_30' title="bbox 391 3000 1441 3064; baseline 0.004 -15"><span class='ocrx_word' id='word_1_152' title='bbox 391 3000 546 3049; x_wconf 82' lang='lat' dir='ltr'><strong>Silius</strong></span> <span class='ocrx_word' id='word_1_153' title='bbox 586 3015 626 3050; x_wconf 83' lang='lat'><strong>1.</strong></span> <span class='ocrx_word' id='word_1_154' title='bbox 659 3001 933 3064; x_wconf 85' lang='lat' dir='ltr'><strong>‘tempore</strong></span> <span class='ocrx_word' id='word_1_155' title='bbox 970 3001 1157 3051; x_wconf 83' lang='lat' dir='ltr'><strong>Martis</strong></span> <span class='ocrx_word' id='word_1_156' title='bbox 1198 3003 1441 3053; x_wconf 84' lang='lat' dir='ltr'><strong>utendum</strong></span> 
     </span>
     <span class='ocr_line' id='line_1_31' title="bbox 394 3075 1441 3143; baseline 0.003 -18"><span class='ocrx_word' id='word_1_157' title='bbox 394 3084 477 3125; x_wconf 80' lang='lat' dir='ltr'><strong>est</strong></span> <span class='ocrx_word' id='word_1_158' title='bbox 499 3084 667 3139; x_wconf 72' lang='lat' dir='ltr'><strong>rapto,</strong></span> <span class='ocrx_word' id='word_1_159' title='bbox 686 3083 741 3125; x_wconf 89' lang='lat' dir='ltr'><strong>et</strong></span> <span class='ocrx_word' id='word_1_160' title='bbox 763 3075 1095 3137; x_wconf 72' lang='lat' dir='ltr'><strong>grassandum</strong></span> <span class='ocrx_word' id='word_1_161' title='bbox 1113 3079 1176 3126; x_wconf 80' lang='lat' dir='ltr'><strong>sd</strong></span> <span class='ocrx_word' id='word_1_162' title='bbox 1192 3081 1335 3127; x_wconf 80' lang='lat' dir='ltr'><strong>clara</strong></span> <span class='ocrx_word' id='word_1_163' title='bbox 1353 3093 1441 3143; x_wconf 83' lang='lat' dir='ltr'><strong>pe-</strong></span> 
     </span>
     <span class='ocr_line' id='line_1_32' title="bbox 392 3148 1443 3216; baseline 0.003 -17"><span class='ocrx_word' id='word_1_164' title='bbox 392 3151 552 3214; x_wconf 76' lang='lat' dir='ltr'><strong>ricln,’</strong></span> <span class='ocrx_word' id='word_1_165' title='bbox 572 3158 701 3200; x_wconf 73' lang='lat' dir='ltr'><strong>vir-¹</strong></span> <span class='ocrx_word' id='word_1_166' title='bbox 720 3148 1041 3214; x_wconf 76' lang='lat' dir='ltr'><strong>rspe,mi&#39;les,</strong></span> <span class='ocrx_word' id='word_1_167' title='bbox 1056 3160 1290 3214; x_wconf 82' lang='lat' dir='ltr'><strong>tempora</strong></span> <span class='ocrx_word' id='word_1_168' title='bbox 1313 3168 1443 3216; x_wconf 71' lang='lat' dir='ltr'><strong>pug-</strong></span> 
     </span>
     <span class='ocr_line' id='line_1_33' title="bbox 393 3225 1441 3289; baseline 0.003 -15"><span class='ocrx_word' id='word_1_169' title='bbox 393 3225 510 3275; x_wconf 66' lang='lat' dir='ltr'><strong>ne!</strong></span> <span class='ocrx_word' id='word_1_170' title='bbox 542 3227 629 3277; x_wconf 84' lang='lat' dir='ltr'><strong>Sic</strong></span> <span class='ocrx_word' id='word_1_171' title='bbox 653 3227 848 3276; x_wconf 86' lang='lat' dir='ltr'><strong>Noster</strong></span> <span class='ocrx_word' id='word_1_172' title='bbox 868 3240 944 3275; x_wconf 81' lang='grc' dir='ltr'><strong>νι.</strong></span> <span class='ocrx_word' id='word_1_173' title='bbox 965 3230 1048 3275; x_wconf 81' lang='grc'><strong>40.</strong></span> <span class='ocrx_word' id='word_1_174' title='bbox 1072 3225 1089 3254; x_wconf 90' lang='grc'><strong><em>6</em></strong></span> <span class='ocrx_word' id='word_1_175' title='bbox 1114 3235 1265 3289; x_wconf 80' lang='lat' dir='ltr'><strong>rapto</strong></span> <span class='ocrx_word' id='word_1_176' title='bbox 1286 3228 1441 3278; x_wconf 71' lang='lat' dir='ltr'><strong>Pala-</strong></span> 
     </span>
     <span class='ocr_line' id='line_1_34' title="bbox 395 3300 1441 3365; baseline -0.001 -15"><span class='ocrx_word' id='word_1_177' title='bbox 395 3301 573 3350; x_wconf 81' lang='lat' dir='ltr'><strong>medes</strong></span> <span class='ocrx_word' id='word_1_178' title='bbox 612 3302 785 3352; x_wconf 85' lang='lat' dir='ltr'><strong>Marte</strong></span> <span class='ocrx_word' id='word_1_179' title='bbox 829 3300 1124 3365; x_wconf 63' lang='lat' dir='ltr'><strong>superbus!</strong></span> <span class='ocrx_word' id='word_1_180' title='bbox 1180 3303 1250 3350; x_wconf 87' lang='lat' dir='ltr'><strong>Et</strong></span> <span class='ocrx_word' id='word_1_181' title='bbox 1290 3316 1441 3351; x_wconf 83' lang='lat' dir='ltr'><strong>mox:</strong></span> 
     </span>
     <span class='ocr_line' id='line_1_35' title="bbox 392 3375 1033 3440; baseline 0.006 -16"><span class='ocrx_word' id='word_1_182' title='bbox 392 3377 409 3403; x_wconf 89' lang='grc'><strong><em>6</em></strong></span> <span class='ocrx_word' id='word_1_183' title='bbox 434 3377 568 3440; x_wconf 75' lang='lat' dir='ltr'><strong>rapit</strong></span> <span class='ocrx_word' id='word_1_184' title='bbox 592 3378 795 3440; x_wconf 74' lang='lat' dir='ltr'><strong>agmina</strong></span> <span class='ocrx_word' id='word_1_185' title='bbox 809 3375 1033 3440; x_wconf 61' lang='lat' dir='ltr'><strong>juncta?</strong></span> 
     </span>
    </p>

    <p class='ocr_par' dir='ltr' id='par_1_17' title="bbox 390 3453 1445 3802">
     <span class='ocr_line' id='line_1_36' title="bbox 454 3453 1443 3516; baseline 0.004 -16"><span class='ocrx_word' id='word_1_186' title='bbox 454 3456 554 3514; x_wconf 77' lang='grc'><strong>859</strong></span> <span class='ocrx_word' id='word_1_187' title='bbox 587 3453 836 3515; x_wconf 67' lang='grc' dir='ltr'><strong>Ιηψεήαιε</strong></span> <span class='ocrx_word' id='word_1_188' title='bbox 866 3453 1054 3516; x_wconf 65' lang='lat' dir='ltr'><strong>tonans]</strong></span> <span class='ocrx_word' id='word_1_189' title='bbox 1086 3453 1173 3504; x_wconf 86' lang='lat' dir='ltr'><strong>Ita</strong></span> <span class='ocrx_word' id='word_1_190' title='bbox 1196 3467 1301 3503; x_wconf 85' lang='lat' dir='ltr'><strong>vu.</strong></span> <span class='ocrx_word' id='word_1_191' title='bbox 1328 3457 1443 3505; x_wconf 85' lang='grc'><strong>888.</strong></span> 
     </span>
     <span class='ocr_line' id='line_1_37' title="bbox 390 3523 1437 3578; baseline 0.004 -4"><span class='ocrx_word' id='word_1_192' title='bbox 390 3525 407 3553; x_wconf 85' lang='grc'><strong><em>6</em></strong></span> <span class='ocrx_word' id='word_1_193' title='bbox 428 3523 695 3576; x_wconf 80' lang='lat' dir='ltr'><strong>furialibus</strong></span> <span class='ocrx_word' id='word_1_194' title='bbox 752 3528 955 3577; x_wconf 74' lang='lat' dir='ltr'><strong>intonat</strong></span> <span class='ocrx_word' id='word_1_195' title='bbox 1008 3526 1174 3578; x_wconf 84' lang='lat' dir='ltr'><strong>orsis.&#39;</strong></span> <span class='ocrx_word' id='word_1_196' title='bbox 1232 3529 1437 3578; x_wconf 76' lang='lat' dir='ltr'><strong>Florus:</strong></span> 
     </span>
     <span class='ocr_line' id='line_1_38' title="bbox 391 3601 1445 3664; baseline 0.001 -15"><span class='ocrx_word' id='word_1_197' title='bbox 391 3601 409 3629; x_wconf 87' lang='grc'><strong><em>6</em></strong></span> <span class='ocrx_word' id='word_1_198' title='bbox 436 3601 485 3649; x_wconf 92' lang='lat' dir='ltr'><strong>in</strong></span> <span class='ocrx_word' id='word_1_199' title='bbox 532 3601 796 3664; x_wconf 82' lang='lat' dir='ltr'><strong>subjectos</strong></span> <span class='ocrx_word' id='word_1_200' title='bbox 849 3616 941 3652; x_wconf 83' lang='lat' dir='ltr'><strong>suo</strong></span> <span class='ocrx_word' id='word_1_201' title='bbox 986 3617 1127 3652; x_wconf 88' lang='lat' dir='ltr'><strong>more</strong></span> <span class='ocrx_word' id='word_1_202' title='bbox 1172 3602 1445 3652; x_wconf 57' lang='lat' dir='ltr'><strong>detonuit?</strong></span> 
     </span>
     <span class='ocr_line' id='line_1_39' title="bbox 394 3676 1443 3728; baseline 0.002 -4"><span class='ocrx_word' id='word_1_203' title='bbox 394 3689 434 3726; x_wconf 88' lang='lat'><strong>1.</strong></span> <span class='ocrx_word' id='word_1_204' title='bbox 461 3680 538 3725; x_wconf 74' lang='lat'><strong>1⁷.</strong></span> <span class='ocrx_word' id='word_1_205' title='bbox 560 3688 648 3724; x_wconf 82' lang='lat' dir='ltr'><strong>ru.</strong></span> <span class='ocrx_word' id='word_1_206' title='bbox 669 3679 753 3725; x_wconf 76' lang='lat'><strong>21.</strong></span> <span class='ocrx_word' id='word_1_207' title='bbox 796 3676 813 3704; x_wconf 87' lang='grc'><strong><em>6</em></strong></span> <span class='ocrx_word' id='word_1_208' title='bbox 831 3677 1037 3725; x_wconf 77' lang='lat' dir='ltr'><strong>Tertius</strong></span> <span class='ocrx_word' id='word_1_209' title='bbox 1069 3677 1157 3726; x_wconf 89' lang='lat' dir='ltr'><strong>ille</strong></span> <span class='ocrx_word' id='word_1_210' title='bbox 1198 3678 1351 3728; x_wconf 89' lang='lat' dir='ltr'><strong>turbo</strong></span> <span class='ocrx_word' id='word_1_211' title='bbox 1372 3678 1443 3727; x_wconf 86' lang='lat' dir='ltr'><strong>ci·</strong></span> 
     </span>
     <span class='ocr_line' id='line_1_40' title="bbox 390 3746 1445 3802; baseline 0.004 -4"><span class='ocrx_word' id='word_1_212' title='bbox 390 3750 511 3798; x_wconf 74' lang='lat' dir='ltr'><strong>vilis</strong></span> <span class='ocrx_word' id='word_1_213' title='bbox 561 3746 774 3798; x_wconf 73' lang='lat' dir='ltr'><strong>insaniae</strong></span> <span class='ocrx_word' id='word_1_214' title='bbox 816 3757 928 3799; x_wconf 81' lang='lat' dir='ltr'><strong>toto</strong></span> <span class='ocrx_word' id='word_1_215' title='bbox 968 3749 1139 3801; x_wconf 81' lang='lat' dir='ltr'><strong>furore</strong></span> <span class='ocrx_word' id='word_1_216' title='bbox 1176 3749 1445 3802; x_wconf 84' lang='lat' dir='ltr'><strong>detonuit.’</strong></span> 
     </span>
    </p>
   </div>
   <div class='ocr_carea' id='block_1_16' title="bbox 395 3823 1447 3887">
    <p class='ocr_par' dir='ltr' id='par_1_18' title="bbox 395 3823 1447 3887">
     <span class='ocr_line' id='line_1_41' title="bbox 395 3823 1447 3887; baseline 0 -11"><span class='ocrx_word' id='word_1_217' title='bbox 395 3825 689 3876; x_wconf 75' lang='lat' dir='ltr'><strong>Martialis:</strong></span> <span class='ocrx_word' id='word_1_218' title='bbox 719 3824 736 3851; x_wconf 90' lang='lat'>‘</span> <span class='ocrx_word' id='word_1_219' title='bbox 760 3823 918 3872; x_wconf 75' lang='lat' dir='ltr'><strong>minas</strong></span> <span class='ocrx_word' id='word_1_220' title='bbox 965 3825 1208 3887; x_wconf 78' lang='lat' dir='ltr'><strong>tonare;’</strong></span> <span class='ocrx_word' id='word_1_221' title='bbox 1242 3835 1297 3876; x_wconf 82' lang='lat' dir='ltr'><strong>ut</strong></span> <span class='ocrx_word' id='word_1_222' title='bbox 1343 3827 1447 3876; x_wconf 82' lang='lat' dir='ltr'><strong>Pli-</strong></span> 
     </span>
    </p>
   </div>
   <div class='ocr_carea' id='block_1_17' title="bbox 397 3898 1446 4267">
    <p class='ocr_par' dir='ltr' id='par_1_19' title="bbox 397 3898 1446 3965">
     <span class='ocr_line' id='line_1_42' title="bbox 397 3898 1446 3965; baseline 0.001 -15"><span class='ocrx_word' id='word_1_223' title='bbox 397 3902 531 3965; x_wconf 84' lang='lat' dir='ltr'><strong>nius,</strong></span> <span class='ocrx_word' id='word_1_224' title='bbox 577 3904 793 3951; x_wconf 74' lang='lat' dir='ltr'><strong>‘tonare</strong></span> <span class='ocrx_word' id='word_1_225' title='bbox 837 3898 1049 3949; x_wconf 67' lang='lat' dir='ltr'><strong>laudes:</strong></span> <span class='ocrx_word' id='word_1_226' title='bbox 1098 3901 1343 3964; x_wconf 74' lang='lat' dir='ltr'><strong>Papinius</strong></span> <span class='ocrx_word' id='word_1_227' title='bbox 1378 3902 1446 3952; x_wconf 87' lang='lat' dir='ltr'><strong>de</strong></span> 
     </span>
    </p>

    <p class='ocr_par' dir='ltr' id='par_1_20' title="bbox 400 3974 1446 4076">
     <span class='ocr_line' id='line_1_43' title="bbox 400 3974 1446 4028; baseline 0 -2"><span class='ocrx_word' id='word_1_228' title='bbox 400 3978 642 4028; x_wconf 77' lang='lat' dir='ltr'><strong>Lucano:</strong></span> <span class='ocrx_word' id='word_1_229' title='bbox 675 3979 690 4007; x_wconf 91' lang='grc'><strong><em>6</em></strong></span> <span class='ocrx_word' id='word_1_230' title='bbox 715 3977 785 4026; x_wconf 84' lang='lat' dir='ltr'><strong>Et</strong></span> <span class='ocrx_word' id='word_1_231' title='bbox 807 3974 1099 4025; x_wconf 74' lang='lat' dir='ltr'><strong>Pharsalica</strong></span> <span class='ocrx_word' id='word_1_232' title='bbox 1133 3975 1271 4025; x_wconf 75' lang='lat' dir='ltr'><strong>bella</strong></span> <span class='ocrx_word' id='word_1_233' title='bbox 1302 3976 1446 4026; x_wconf 84' lang='lat' dir='ltr'><strong>deto-</strong></span> 
     </span>
     <span class='ocr_line' id='line_1_44' title="bbox 506 4052 583 4076; baseline 0 0"><span class='ocrx_word' id='word_1_234' title='bbox 506 4053 518 4066; x_wconf 86' lang='lat'><strong>·</strong></span> <span class='ocrx_word' id='word_1_235' title='bbox 567 4052 583 4076; x_wconf 66' lang='lat' dir='ltr'><strong>r</strong></span> 
     </span>
    </p>

    <p class='ocr_par' dir='ltr' id='par_1_21' title="bbox 399 4053 1445 4189">
     <span class='ocr_line' id='line_1_45' title="bbox 399 4053 1445 4189; baseline 0 -15"><span class='ocrx_word' id='word_1_236' title='bbox 399 4053 605 4175; x_wconf 48' lang='lat' dir='ltr'><strong>”⁸3¹3oe</strong></span> <span class='ocrx_word' id='word_1_237' title='bbox 636 4127 921 4188; x_wconf 69' lang='lat' dir='ltr'><strong>Agamemno</strong></span> <span class='ocrx_word' id='word_1_238' title='bbox 961 4121 1169 4176; x_wconf 66' lang='lat' dir='ltr'><strong>labantes</strong></span> <span class='ocrx_word' id='word_1_239' title='bbox 1202 4126 1445 4189; x_wconf 74' lang='lat' dir='ltr'><strong>Increpat]</strong></span> 
     </span>
    </p>

    <p class='ocr_par' dir='ltr' id='par_1_22' title="bbox 398 4198 1445 4267">
     <span class='ocr_line' id='line_1_46' title="bbox 398 4198 1445 4267; baseline 0.002 -19"><span class='ocrx_word' id='word_1_240' title='bbox 398 4198 585 4266; x_wconf 79' lang='lat' dir='ltr'><strong>Papin.</strong></span> <span class='ocrx_word' id='word_1_241' title='bbox 600 4199 866 4252; x_wconf 63' lang='lat' dir='ltr'><strong>Achilleia.</strong></span> <span class='ocrx_word' id='word_1_242' title='bbox 882 4214 919 4250; x_wconf 87' lang='grc' dir='ltr'><strong>ι.</strong></span> <span class='ocrx_word' id='word_1_243' title='bbox 938 4202 1295 4267; x_wconf 74' lang='lat' dir='ltr'><strong>‘stimulatque</strong></span> <span class='ocrx_word' id='word_1_244' title='bbox 1312 4201 1445 4265; x_wconf 72' lang='lat' dir='ltr'><strong>Aga·</strong></span> 
     </span>
    </p>
   </div>
   <div class='ocr_carea' id='block_1_18' title="bbox 1522 2623 2578 3499">
    <p class='ocr_par' dir='ltr' id='par_1_23' title="bbox 1522 2623 2578 3142">
     <span class='ocr_line' id='line_1_47' title="bbox 1524 2623 2577 2676; baseline 0 -2"><span class='ocrx_word' id='word_1_245' title='bbox 1524 2639 1728 2675; x_wconf 86' lang='lat' dir='ltr'><strong>memno</strong></span> <span class='ocrx_word' id='word_1_246' title='bbox 1753 2623 2024 2674; x_wconf 55' lang='lat' dir='ltr'><strong>volentes?</strong></span> <span class='ocrx_word' id='word_1_247' title='bbox 2053 2625 2274 2676; x_wconf 76' lang='lat' dir='ltr'><strong>Quintil.</strong></span> <span class='ocrx_word' id='word_1_248' title='bbox 2303 2637 2342 2674; x_wconf 82' lang='lat'><strong>1.</strong></span> <span class='ocrx_word' id='word_1_249' title='bbox 2364 2629 2415 2673; x_wconf 83' lang='grc'><strong>5.</strong></span> <span class='ocrx_word' id='word_1_250' title='bbox 2467 2633 2484 2655; x_wconf 75' lang='lat'><strong><em>¹</em></strong></span> <span class='ocrx_word' id='word_1_251' title='bbox 2509 2627 2577 2674; x_wconf 76' lang='lat' dir='ltr'><strong>Et</strong></span> 
     </span>
     <span class='ocr_line' id='line_1_48' title="bbox 1524 2702 2578 2764; baseline -0.002 -13"><span class='ocrx_word' id='word_1_252' title='bbox 1524 2710 1583 2752; x_wconf 86' lang='lat' dir='ltr'><strong>ut</strong></span> <span class='ocrx_word' id='word_1_253' title='bbox 1628 2703 1876 2764; x_wconf 76' lang='lat' dir='ltr'><strong>Pslaemo,</strong></span> <span class='ocrx_word' id='word_1_254' title='bbox 1919 2717 1981 2751; x_wconf 81' lang='lat' dir='ltr'><strong>ac</strong></span> <span class='ocrx_word' id='word_1_255' title='bbox 2023 2702 2257 2764; x_wconf 77' lang='lat' dir='ltr'><strong>Telamo,</strong></span> <span class='ocrx_word' id='word_1_256' title='bbox 2301 2709 2356 2752; x_wconf 87' lang='lat' dir='ltr'><strong>et</strong></span> <span class='ocrx_word' id='word_1_257' title='bbox 2405 2702 2578 2762; x_wconf 81' lang='lat' dir='ltr'><strong>Plato,</strong></span> 
     </span>
     <span class='ocr_line' id='line_1_49' title="bbox 1524 2775 2577 2842; baseline 0 -18"><span class='ocrx_word' id='word_1_258' title='bbox 1524 2775 1668 2840; x_wconf 75' lang='lat' dir='ltr'><strong>(uem</strong></span> <span class='ocrx_word' id='word_1_259' title='bbox 1706 2778 1778 2825; x_wconf 80' lang='lat' dir='ltr'><strong>sic</strong></span> <span class='ocrx_word' id='word_1_260' title='bbox 1801 2792 1914 2826; x_wconf 84' lang='lat' dir='ltr'><strong>eum</strong></span> <span class='ocrx_word' id='word_1_261' title='bbox 1955 2777 2140 2826; x_wconf 83' lang='lat' dir='ltr'><strong>Cicero</strong></span> <span class='ocrx_word' id='word_1_262' title='bbox 2179 2791 2380 2842; x_wconf 87' lang='lat' dir='ltr'><strong>quoqne</strong></span> <span class='ocrx_word' id='word_1_263' title='bbox 2404 2777 2577 2839; x_wconf 77' lang='lat' dir='ltr'><strong>appel-</strong></span> 
     </span>
     <span class='ocr_line' id='line_1_50' title="bbox 1524 2849 2578 2916; baseline 0 -17"><span class='ocrx_word' id='word_1_264' title='bbox 1524 2849 1625 2916; x_wconf 76' lang='lat' dir='ltr'><strong>lat)</strong></span> <span class='ocrx_word' id='word_1_265' title='bbox 1677 2851 2000 2913; x_wconf 80' lang='lat' dir='ltr'><strong>dicerentur,</strong></span> <span class='ocrx_word' id='word_1_266' title='bbox 2051 2853 2404 2901; x_wconf 81' lang='lat' dir='ltr'><strong>retinuerunt:</strong></span> <span class='ocrx_word' id='word_1_267' title='bbox 2459 2852 2578 2914; x_wconf 78' lang='lat' dir='ltr'><strong>qnia</strong></span> 
     </span>
     <span class='ocr_line' id='line_1_51' title="bbox 1525 2925 2577 2991; baseline -0.003 -15"><span class='ocrx_word' id='word_1_268' title='bbox 1525 2927 1787 2987; x_wconf 78' lang='lat' dir='ltr'><strong>Latinum,</strong></span> <span class='ocrx_word' id='word_1_269' title='bbox 1824 2927 1960 2991; x_wconf 86' lang='lat' dir='ltr'><strong>quod</strong></span> <span class='ocrx_word' id='word_1_270' title='bbox 1999 2943 2028 2976; x_wconf 82' lang='lat' dir='ltr'><strong>o</strong></span> <span class='ocrx_word' id='word_1_271' title='bbox 2067 2933 2122 2977; x_wconf 88' lang='lat' dir='ltr'><strong>et</strong></span> <span class='ocrx_word' id='word_1_272' title='bbox 2153 2943 2187 2976; x_wconf 77' lang='lat' dir='ltr'><strong>n</strong></span> <span class='ocrx_word' id='word_1_273' title='bbox 2217 2927 2382 2975; x_wconf 87' lang='lat' dir='ltr'><strong>literis</strong></span> <span class='ocrx_word' id='word_1_274' title='bbox 2406 2925 2577 2975; x_wconf 81' lang='lat' dir='ltr'><strong>linire-</strong></span> 
     </span>
     <span class='ocr_line' id='line_1_52' title="bbox 1522 3001 2577 3066; baseline -0.003 -13"><span class='ocrx_word' id='word_1_275' title='bbox 1522 3009 1626 3063; x_wconf 78' lang='lat' dir='ltr'><strong>tur,</strong></span> <span class='ocrx_word' id='word_1_276' title='bbox 1651 3017 1750 3052; x_wconf 89' lang='lat' dir='ltr'><strong>non</strong></span> <span class='ocrx_word' id='word_1_277' title='bbox 1773 3001 2140 3066; x_wconf 61' lang='lat' dir='ltr'><strong>reperiebant?</strong></span> <span class='ocrx_word' id='word_1_278' title='bbox 2184 3001 2363 3051; x_wconf 78' lang='lat' dir='ltr'><strong>Manil.</strong></span> <span class='ocrx_word' id='word_1_279' title='bbox 2387 3015 2427 3051; x_wconf 77' lang='grc' dir='ltr'><strong>ι.</strong></span> <span class='ocrx_word' id='word_1_280' title='bbox 2449 3002 2466 3029; x_wconf 87' lang='grc'><strong><em>6</em></strong></span> <span class='ocrx_word' id='word_1_281' title='bbox 2491 3001 2577 3050; x_wconf 79' lang='lat' dir='ltr'><strong>AE·</strong></span> 
     </span>
     <span class='ocr_line' id='line_1_53' title="bbox 1522 3078 2065 3142; baseline 0 -14"><span class='ocrx_word' id='word_1_282' title='bbox 1522 3079 1819 3142; x_wconf 74' lang='lat' dir='ltr'><strong>thet-iusque</strong></span> <span class='ocrx_word' id='word_1_283' title='bbox 1839 3078 2065 3128; x_wconf 60' lang='lat' dir='ltr'><strong>Platon?</strong></span> 
     </span>
    </p>

    <p class='ocr_par' dir='ltr' id='par_1_24' title="bbox 1522 3150 2578 3499">
     <span class='ocr_line' id='line_1_54' title="bbox 1592 3150 2578 3201; baseline -0.004 0"><span class='ocrx_word' id='word_1_284' title='bbox 1592 3156 1690 3201; x_wconf 84' lang='grc'><strong>866</strong></span> <span class='ocrx_word' id='word_1_285' title='bbox 1722 3153 1900 3201; x_wconf 76' lang='lat' dir='ltr'><strong>Manus</strong></span> <span class='ocrx_word' id='word_1_286' title='bbox 1929 3153 2080 3201; x_wconf 78' lang='lat' dir='ltr'><strong>omnis</strong></span> <span class='ocrx_word' id='word_1_287' title='bbox 2114 3152 2166 3200; x_wconf 74' lang='lat' dir='ltr'><strong>in</strong></span> <span class='ocrx_word' id='word_1_288' title='bbox 2196 3152 2376 3200; x_wconf 74' lang='lat' dir='ltr'><strong>hostem</strong></span> <span class='ocrx_word' id='word_1_289' title='bbox 2401 3150 2578 3200; x_wconf 73' lang='lat' dir='ltr'><strong>Fulmi-</strong></span> 
     </span>
     <span class='ocr_line' id='line_1_55' title="bbox 1522 3224 2576 3290; baseline -0.005 -14"><span class='ocrx_word' id='word_1_290' title='bbox 1522 3229 1634 3290; x_wconf 72' lang='lat' dir='ltr'><strong>nat]</strong></span> <span class='ocrx_word' id='word_1_291' title='bbox 1671 3228 1816 3290; x_wconf 82' lang='lat' dir='ltr'><strong>Virg.</strong></span> <span class='ocrx_word' id='word_1_292' title='bbox 1831 3227 2025 3287; x_wconf 75' lang='lat' dir='ltr'><strong>Georg.</strong></span> <span class='ocrx_word' id='word_1_293' title='bbox 2051 3240 2130 3274; x_wconf 78' lang='lat' dir='ltr'><strong>lv.</strong></span> <span class='ocrx_word' id='word_1_294' title='bbox 2151 3226 2168 3252; x_wconf 87' lang='grc'><strong><em>6</em></strong></span> <span class='ocrx_word' id='word_1_295' title='bbox 2189 3226 2253 3273; x_wconf 80' lang='lat' dir='ltr'><strong>sd</strong></span> <span class='ocrx_word' id='word_1_296' title='bbox 2273 3226 2430 3273; x_wconf 80' lang='lat' dir='ltr'><strong>altum</strong></span> <span class='ocrx_word' id='word_1_297' title='bbox 2454 3224 2576 3272; x_wconf 84' lang='lat' dir='ltr'><strong>Ful·</strong></span> 
     </span>
     <span class='ocr_line' id='line_1_56' title="bbox 1526 3297 2576 3362; baseline -0.004 -15"><span class='ocrx_word' id='word_1_298' title='bbox 1526 3301 1688 3348; x_wconf 79' lang='lat' dir='ltr'><strong>minat</strong></span> <span class='ocrx_word' id='word_1_299' title='bbox 1710 3298 2046 3362; x_wconf 79' lang='lat' dir='ltr'><strong>Euphraten‚&#39;</strong></span> <span class='ocrx_word' id='word_1_300' title='bbox 2071 3312 2148 3348; x_wconf 78' lang='lat' dir='ltr'><strong>xx.</strong></span> <span class='ocrx_word' id='word_1_301' title='bbox 2181 3298 2379 3362; x_wconf 73' lang='lat' dir='ltr'><strong>AEneid.</strong></span> <span class='ocrx_word' id='word_1_302' title='bbox 2412 3297 2428 3323; x_wconf 88' lang='lat'>‘</span> <span class='ocrx_word' id='word_1_303' title='bbox 2455 3298 2576 3344; x_wconf 83' lang='lat' dir='ltr'><strong>Ful·</strong></span> 
     </span>
     <span class='ocr_line' id='line_1_57' title="bbox 1526 3371 2573 3423; baseline -0.002 -1"><span class='ocrx_word' id='word_1_304' title='bbox 1526 3374 1688 3423; x_wconf 81' lang='lat' dir='ltr'><strong>minat</strong></span> <span class='ocrx_word' id='word_1_305' title='bbox 1704 3373 1892 3422; x_wconf 81' lang='lat' dir='ltr'><strong>AEneas</strong></span> <span class='ocrx_word' id='word_1_306' title='bbox 1916 3371 2108 3420; x_wconf 61' lang='lat' dir='ltr'><strong>armis!</strong></span> <span class='ocrx_word' id='word_1_307' title='bbox 2139 3371 2360 3420; x_wconf 81' lang='lat' dir='ltr'><strong>Ovidius</strong></span> <span class='ocrx_word' id='word_1_308' title='bbox 2383 3385 2398 3419; x_wconf 74' lang='grc' dir='ltr'><strong><em>ε</em></strong></span> <span class='ocrx_word' id='word_1_309' title='bbox 2433 3371 2448 3398; x_wconf 92' lang='grc'><strong><em>6</em></strong></span> <span class='ocrx_word' id='word_1_310' title='bbox 2475 3385 2573 3420; x_wconf 82' lang='lat' dir='ltr'><strong>non</strong></span> 
     </span>
     <span class='ocr_line' id='line_1_58' title="bbox 1526 3444 2570 3499; baseline -0.004 -1"><span class='ocrx_word' id='word_1_311' title='bbox 1526 3451 1714 3499; x_wconf 81' lang='lat' dir='ltr'><strong>stricto</strong></span> <span class='ocrx_word' id='word_1_312' title='bbox 1763 3447 2000 3497; x_wconf 81' lang='lat' dir='ltr'><strong>fulminat</strong></span> <span class='ocrx_word' id='word_1_313' title='bbox 2053 3461 2174 3496; x_wconf 84' lang='lat' dir='ltr'><strong>ense</strong></span> <span class='ocrx_word' id='word_1_314' title='bbox 2229 3444 2456 3495; x_wconf 74' lang='lat' dir='ltr'><strong>mannsz&#39;</strong></span> <span class='ocrx_word' id='word_1_315' title='bbox 2510 3459 2570 3494; x_wconf 76' lang='lat' dir='ltr'><strong>nr.</strong></span> 
     </span>
    </p>
   </div>
   <div class='ocr_carea' id='block_1_19' title="bbox 1523 3520 2662 3586">
    <p class='ocr_par' dir='ltr' id='par_1_25' title="bbox 1523 3520 2662 3586">
     <span class='ocr_line' id='line_1_59' title="bbox 1523 3520 2662 3586; baseline -0.007 -12"><span class='ocrx_word' id='word_1_316' title='bbox 1523 3524 1701 3574; x_wconf 88' lang='lat' dir='ltr'><strong>Amor.</strong></span> <span class='ocrx_word' id='word_1_317' title='bbox 1743 3523 1988 3586; x_wconf 84' lang='lat' dir='ltr'><strong>Propert.</strong></span> <span class='ocrx_word' id='word_1_318' title='bbox 2026 3535 2108 3571; x_wconf 68' lang='grc' dir='ltr'><strong>ιν.</strong></span> <span class='ocrx_word' id='word_1_319' title='bbox 2162 3521 2450 3570; x_wconf 75' lang='lat' dir='ltr'><strong>‘Fulminat</strong></span> <span class='ocrx_word' id='word_1_320' title='bbox 2487 3520 2574 3568; x_wconf 83' lang='lat' dir='ltr'><strong>illa</strong></span> <span class='ocrx_word' id='word_1_321' title='bbox 2657 3525 2662 3530; x_wconf 89' lang='grc'><em>“</em></span> 
     </span>
    </p>
   </div>
   <div class='ocr_carea' id='block_1_20' title="bbox 1521 3595 2574 4252">
    <p class='ocr_par' dir='ltr' id='par_1_26' title="bbox 1521 3595 2574 4040">
     <span class='ocr_line' id='line_1_60' title="bbox 1521 3595 2574 3650; baseline -0.006 -2"><span class='ocrx_word' id='word_1_322' title='bbox 1521 3598 1722 3650; x_wconf 84' lang='lat' dir='ltr'><strong>oculis.&#39;</strong></span> <span class='ocrx_word' id='word_1_323' title='bbox 1787 3598 1942 3648; x_wconf 83' lang='lat' dir='ltr'><strong>Silius</strong></span> <span class='ocrx_word' id='word_1_324' title='bbox 1983 3611 2033 3647; x_wconf 84' lang='lat' dir='ltr'><strong>v.</strong></span> <span class='ocrx_word' id='word_1_325' title='bbox 2081 3595 2422 3645; x_wconf 78' lang='lat' dir='ltr'><strong>‘diffulminat</strong></span> <span class='ocrx_word' id='word_1_326' title='bbox 2467 3609 2574 3644; x_wconf 90' lang='lat' dir='ltr'><strong>om-</strong></span> 
     </span>
     <span class='ocr_line' id='line_1_61' title="bbox 1521 3669 2571 3724; baseline -0.008 0"><span class='ocrx_word' id='word_1_327' title='bbox 1521 3689 1641 3724; x_wconf 86' lang='lat' dir='ltr'><strong>nem</strong></span> <span class='ocrx_word' id='word_1_328' title='bbox 1682 3675 1953 3724; x_wconf 78' lang='lat' dir='ltr'><strong>Astantem</strong></span> <span class='ocrx_word' id='word_1_329' title='bbox 1993 3669 2232 3721; x_wconf 83' lang='lat' dir='ltr'><strong>turbam.’</strong></span> <span class='ocrx_word' id='word_1_330' title='bbox 2295 3670 2379 3719; x_wconf 77' lang='lat' dir='ltr'><strong>Itu</strong></span> <span class='ocrx_word' id='word_1_331' title='bbox 2423 3669 2571 3717; x_wconf 78' lang='lat' dir='ltr'><strong>Pedo</strong></span> 
     </span>
     <span class='ocr_line' id='line_1_62' title="bbox 1523 3745 2570 3806; baseline -0.008 -7"><span class='ocrx_word' id='word_1_332' title='bbox 1523 3749 1878 3800; x_wconf 81' lang='lat' dir='ltr'><strong>Albinovanus</strong></span> <span class='ocrx_word' id='word_1_333' title='bbox 1918 3747 1985 3797; x_wconf 76' lang='lat' dir='ltr'><strong>sd</strong></span> <span class='ocrx_word' id='word_1_334' title='bbox 2031 3747 2261 3797; x_wconf 75' lang='lat' dir='ltr'><strong>Liviam:</strong></span> <span class='ocrx_word' id='word_1_335' title='bbox 2315 3745 2570 3806; x_wconf 81' lang='lat' dir='ltr'><strong>‘Quaque</strong></span> 
     </span>
     <span class='ocr_line' id='line_1_63' title="bbox 1527 3823 2572 3888; baseline -0.009 -14"><span class='ocrx_word' id='word_1_336' title='bbox 1527 3825 1650 3888; x_wconf 87' lang='lat' dir='ltr'><strong>ruit,</strong></span> <span class='ocrx_word' id='word_1_337' title='bbox 1686 3823 1963 3873; x_wconf 81' lang='lat' dir='ltr'><strong>furibunda</strong></span> <span class='ocrx_word' id='word_1_338' title='bbox 2006 3823 2131 3883; x_wconf 85' lang='lat' dir='ltr'><strong>ruit,</strong></span> <span class='ocrx_word' id='word_1_339' title='bbox 2171 3826 2436 3883; x_wconf 79' lang='lat' dir='ltr'><strong>totumque</strong></span> <span class='ocrx_word' id='word_1_340' title='bbox 2477 3828 2572 3880; x_wconf 75' lang='lat' dir='ltr'><strong>per</strong></span> 
     </span>
     <span class='ocr_line' id='line_1_64' title="bbox 1522 3889 2569 3949; baseline -0.007 0"><span class='ocrx_word' id='word_1_341' title='bbox 1522 3900 1702 3949; x_wconf 85' lang='lat' dir='ltr'><strong>orbem</strong></span> <span class='ocrx_word' id='word_1_342' title='bbox 1746 3897 2038 3949; x_wconf 60' lang='lat' dir='ltr'><strong>Fulminat?</strong></span> <span class='ocrx_word' id='word_1_343' title='bbox 2121 3898 2212 3948; x_wconf 87' lang='lat' dir='ltr'><strong>Sic</strong></span> <span class='ocrx_word' id='word_1_344' title='bbox 2263 3896 2456 3945; x_wconf 82' lang='lat' dir='ltr'><strong>Noster</strong></span> <span class='ocrx_word' id='word_1_345' title='bbox 2494 3889 2569 3943; x_wconf 75' lang='lat' dir='ltr'><strong>vr&#39;.</strong></span> 
     </span>
     <span class='ocr_line' id='line_1_65' title="bbox 1526 3970 2420 4040; baseline -0.004 -16"><span class='ocrx_word' id='word_1_346' title='bbox 1526 3976 1541 4004; x_wconf 90' lang='grc'><strong><em>6</em></strong></span> <span class='ocrx_word' id='word_1_347' title='bbox 1557 3977 1710 4040; x_wconf 81' lang='lat' dir='ltr'><strong>longo</strong></span> <span class='ocrx_word' id='word_1_348' title='bbox 1733 3975 1962 4025; x_wconf 79' lang='lat' dir='ltr'><strong>fraxinus</strong></span> <span class='ocrx_word' id='word_1_349' title='bbox 1985 3976 2091 4025; x_wconf 87' lang='lat' dir='ltr'><strong>ictu</strong></span> <span class='ocrx_word' id='word_1_350' title='bbox 2125 3970 2420 4022; x_wconf 81' lang='lat' dir='ltr'><strong>Fulminat.’</strong></span> 
     </span>
    </p>

    <p class='ocr_par' dir='ltr' id='par_1_27' title="bbox 1524 4047 2569 4252">
     <span class='ocr_line' id='line_1_66' title="bbox 1588 4047 2569 4110; baseline -0.009 -9"><span class='ocrx_word' id='word_1_351' title='bbox 1588 4056 1686 4100; x_wconf 86' lang='grc'><strong>869</strong></span> <span class='ocrx_word' id='word_1_352' title='bbox 1720 4051 1857 4101; x_wconf 77' lang='lat' dir='ltr'><strong>Fluit</strong></span> <span class='ocrx_word' id='word_1_353' title='bbox 1877 4051 1983 4100; x_wconf 75' lang='lat' dir='ltr'><strong>huic</strong></span> <span class='ocrx_word' id='word_1_354' title='bbox 2003 4051 2054 4098; x_wconf 77' lang='lat' dir='ltr'><strong>in</strong></span> <span class='ocrx_word' id='word_1_355' title='bbox 2076 4049 2236 4096; x_wconf 74' lang='lat' dir='ltr'><strong>vultus</strong></span> <span class='ocrx_word' id='word_1_356' title='bbox 2253 4047 2450 4110; x_wconf 73' lang='lat' dir='ltr'><strong>pulchra</strong></span> <span class='ocrx_word' id='word_1_357' title='bbox 2483 4060 2569 4106; x_wconf 82' lang='lat' dir='ltr'><strong>ge-</strong></span> 
     </span>
     <span class='ocr_line' id='line_1_67' title="bbox 1524 4123 2569 4191; baseline -0.003 -16"><span class='ocrx_word' id='word_1_358' title='bbox 1524 4141 1692 4176; x_wconf 72' lang='lat' dir='ltr'><strong>mmam</strong></span> <span class='ocrx_word' id='word_1_359' title='bbox 1724 4129 1881 4191; x_wconf 72' lang='lat' dir='ltr'><strong>Rapta</strong></span> <span class='ocrx_word' id='word_1_360' title='bbox 1924 4125 2048 4187; x_wconf 74' lang='lat' dir='ltr'><strong>dies]</strong></span> <span class='ocrx_word' id='word_1_361' title='bbox 2107 4123 2282 4174; x_wconf 83' lang='lat' dir='ltr'><strong>Oculi.</strong></span> <span class='ocrx_word' id='word_1_362' title='bbox 2336 4123 2470 4172; x_wconf 87' lang='lat' dir='ltr'><strong>Vide</strong></span> <span class='ocrx_word' id='word_1_363' title='bbox 2506 4135 2569 4172; x_wconf 85' lang='lat'><strong>11.</strong></span> 
     </span>
     <span class='ocr_line' id='line_1_68' title="bbox 1524 4207 1638 4252; baseline 0 0"><span class='ocrx_word' id='word_1_364' title='bbox 1524 4207 1638 4252; x_wconf 78' lang='lat'><strong>0⁰8.</strong></span> 
     </span>
    </p>
   </div>
  </div>
 </body>
</html>
