3173 4957
1043 903 1258 1070 AD
1361 977 2321 1072 LECTOREM.
2410 1041 2427 1060 .

585 1493 702 1556 ΠΤ
755 1492 933 1576 apud
981 1499 1234 1558 veteres
1279 1498 1537 1557 statuas
1583 1493 1752 1554 bene
1802 1493 2208 1568 meritorum,
2256 1509 2427 1575 quas
2468 1490 2777 1556 Plinius*

582 1593 1132 1660 humanissimam
1163 1599 1373 1660 vocat*
1390 1593 1840 1669 ambitionem,
1885 1593 2111 1677 capite
2138 1592 2365 1656 demto
2394 1593 2467 1655 in
2496 1591 2771 1656 alterius

581 1694 881 1772 formam,
911 1696 1138 1774 surdo,
1170 1702 1244 1760 ut
1271 1697 1449 1761 idem
1479 1693 1610 1770 ait,
1634 1694 1985 1774 figurarum
2030 1694 2427 1770 discrimine,
2471 1692 2775 1756 solebant

580 1793 1055 1878 μεταρρυθμίζειν,
1105 1805 1178 1862 et
1229 1795 1733 1876 transfigurare3
1779 1794 1889 1858 vel
1940 1793 2135 1858 titulo
2184 1793 2457 1858 inducto
2500 1793 2770 1856 easdem

579 1897 872 1978 pessimo
915 1897 1226 1979 exemplo
1275 1895 1691 1980 μεταγράφειν,
1736 1913 2013 1978 eamque
2058 1895 2332 1959 laudem
2374 1894 2563 1958 alteri
2594 1901 2771 1957 tran·-

575 1996 908 2076 scribere3
939 1998 1041 2060 sic
1069 1998 1142 2060 in
1171 1997 1417 2060 statuis
1444 1997 1877 2076 ingeniorum,
1906 2014 2063 2078 quae
2086 1994 2771 2081 rempublicam‘fece-

578 2102 736 2162 runt
759 2096 1139 2173 literarium,
1167 2096 1360 2159 libris
1389 2095 1566 2172 dico,
1598 2096 1803 2158 alieni
1846 2096 2101 2158 laboris
2140 2096 2355 2170 suooS,
2403 2095 2772 2176 peregrinae

579 2195 808 2275 'gloriae
839 2195 1160 2276 choragos
1205 2194 1504 2276 reperiri,
1548 2195 1668 2277 qui
1714 2195 2012 2277 pessimo
2041 2195 2342 2278 publico,
2370 2195 2643 2258 alterius
2670 2180 2771 2257 in-⁴

579 2287 907 2358 dustriam
938 2313 1081 2358 suae
1113 2301 1496 2376 supponant
1538 2295 1851 2375 ignaviae,
1883 2295 2170 2358 >alienum
2215 2294 2382 2377 quid
2418 2296 2487 2358 in
2516 2313 2771 2360 armum

578 2393 845 2471 tollant,
885 2393 1076 2474 μάζαν
1099 2398 1184 2478 ’γε
1227 2391 1560 2477 μεμαχὸτες
1601 2397 1699 2470 τὴν
1736 2397 1823 2456 ὑπ’
1853 2395 2036 2462 ἄλλου
2064 2393 2434 2478 μεμιγμένην,
2467 2393 2566 2456 καὶ
2592 2399 2773 2457 ἁλλο-

577 2490 767 2575 τρίοις,
797 2502 874 2559 ut
902 2493 1204 2559 Isidorus
1234 2495 1334 2559 ait
1365 2494 1742 2572 Pelusiota,
1782 2495 2227 2577 ἁνακλαζόμενοι
2256 2496 2458 2581 πόνοις,
2504 2496 2771 2579 jamdu-

577 2594 734 2661 dum
771 2605 901 2671 est,
949 2614 1106 2660 cum
1156 2596 1476 2660 bonarum
1516 2596 1861 2661 literarum
1903 2600 2255 2681 conquesti
2298 2604 2453 2661 sunt
2481 2594 2771 2661 amasii.⁸’

578 2693 886 2761 Clemens
915 2682 1416 2759 Alexandrinus
1443 2695 1638 2759 selles
1671 2697 1996 2776 ejusmodi
2026 2698 2385 2775 literatius,
2414 2697 2769 2763 Vitruvius

579 2796 804 2861 Pollio
835 2804 907 2859 et
953 2794 1390 2860 Herodotus‘
1443 2803 1831 2861 enumerant
1872 2799 2151 2863 multas:
2200 2798 2286 2860 de
2338 2798 2583 2880 quibus
2610 2816 2769 2861 vere

578 2895 922 2979 SynesiuS,
965 2900 1212 2978 ἡγοῦμαι
1263 2894 1312 2957 δ’
1359 2894 1731 2981 ἀσεβέστερον
1770 2896 2143 2960 ἀποθανόντων
2190 2895 2395 2981 λόγους
2426 2893 2703 2974 κλέπτειν,
2734 2896 2772 2974 ἢ

578 2994 866 3076 inmota-aa,
894 2993 924 3059 ὃ
953 2998 1214 3059 καλεῖται
1243 2999 1677 3081 τυμβωρυχεῖνε
1711 3006 1780 3062 et
1823 2999 2123 3063 Plinius:
2156 2998 2437 3061 obnoxii
2466 2998 2767 3079 profecto

579 3104 682 3159 est
726 3098 930 3161 animi
981 3098 1396 3181 infelicisque
1445 3100 1717 3181 ingenii,
1772 3100 2179 3183 deprehendi
2222 3100 2290 3161 in
2326 3098 2764 3177 furto-malle,

581 3216 783 3277 quam
825 3202 1122 3260 mutuum
1171 3197 1478 3279 reddere,
1519 3220 1669 3264 cum
1710 3200 2079 3283 praesertim
2108 3219 2255 3264 sors
2284 3199 2399 3263 fiat
2426 3218 2515 3262 ex
2542 3218 2767 3265 usura.

581 3297 766 3360 Hinc
795 3299 984 3363 multi
1012 3298 1162 3381 jure
1190 3300 1609 3382 postliminii,
1640 3309 1713 3367 et
1741 3300 2093 3365 interdicto
2122 3299 2299 3363 unde
2345 3301 2437 3376 vi,
2468 3300 2538 3361 in
2564 3300 2766 3362 libro-

576 3416 720 3460 rum
761 3399 928 3461 istas
965 3398 1202 3461 lamias
1247 3407 1316 3465 et
1365 3403 1778 3485 ingeniorum
1834 3398 2139 3483 αἰγοθῆλας
2182 3406 2364 3462 recte
2416 3405 2619 3480 atque
2662 3417 2764 3462 or-

577 3496 728 3559 dine
755 3496 862 3559 usi
904 3497 1198 3563 fuerunt:
1256 3518 1474 3583 neque
1519 3502 1646 3566 abs
1700 3519 1769 3563 re
1810 3500 2009 3572 foret,
2058 3498 2117 3561 si
2150 3504 2224 3561 ut
2253 3496 2415 3560 olim
2442 3496 2763 3561 adversus

577 3596 952 3678 capsarioe,
982 3597 1080 3660 ita
1108 3617 1152 3661 a
1181 3607 1425 3662 senatu
1469 3596 1721 3663 critico
1765 3601 1834 3662 in
1886 3598 2063 3673 illos„
2108 3598 2220 3680 qui
2254 3596 2476 3660 aliena
2506 3600 2763 3680 compi-

574 3696 738 3771 lant,
797 3695 1168 3784 Praefectus
1217 3696 1517 3779 Vigilum
1569 3700 1880 3764 daretur:
1934 3717 2160 3761 manes
2198 3702 2309 3759 τῶν
2338 3695 2661 3781 φιλοκάλων
2689 3699 2761 3762 id

573 3795 767 3859 unice
795 3794 1166 3875 probarent,
1219 3816 1373 3859 cum
1425 3798 1704 3880 quilibet
1750 3802 1958 3864 instar
1995 3797 2297 3861 Thaletis
2343 3804 2415 3863 et
2441 3797 2760 3861 Mamur-ii

637 3989 662 4016 ⁸
695 3996 894 4033 xxxiv.
930 3989 978 4034 4.
1043 3982 1178 4033 Vide
1199 3996 1263 4033 ea
1283 3982 1347 4033 de
1371 3998 1428 4033 re
1450 3985 1629 4034 Sueto·
1773 3997 1794 4022 ‘-
1828 3988 1891 4039 In
1916 3990 2021 4039 vita
2057 3990 2287 4042 Homeri.
2352 3989 2486 4038 Vide
2510 3989 2663 4037 etiam
2690 3987 2755 4038 P.

570 4058 711 4107 nium
735 4072 824 4109 ιιι.
847 4066 901 4108 et
921 4060 1101 4109 Dionis
1139 4060 1338 4109 Prusaei
1374 4061 1624 4124 insignem
1708 4062 1925 4112 Fabi-um
1950 4062 2190 4128 Agonist.
2224 4079 2288 4113 ιι.
2321 4068 2403 4111 ³5.
2440 4062 2609 4125 Epist.
2645 4066 2757 4113 142.

571 4135 907 4187 Rhodineam.
1702 4137 1992 4191 Fenestella
2012 4142 2095 4189 2⁴.
2132 4139 2295 4189 Arist.
2320 4138 2438 4189 Eth.
2462 4151 2540 4187 w.
2565 4142 2608 4187 1.

637 4208 660 4245 b
688 4208 878 4260 Strom.
904 4224 979 4263 vr.
1011 4216 1125 4261 452.
1161 4212 1224 4261 In
1245 4212 1491 4277 prooemio
1513 4226 1617 4263 vn.
2611 4239 2614 4242 ·
