3173 4957
621 401 752 471 ⁵⁷0

1410 413 1716 466 Josurm
1773 405 2040 466 isoANt'

623 564 804 629 Exul
836 562 940 645 agi
963 563 1200 645 jussus
1227 559 1481 623 AEneas
1509 559 1763 642 pendit,
1796 543 2060 623 et’usus

622 666 867 747 Puppe
891 664 999 728 bis
1031 660 1310 737 undena,
1340 679 1510 742 quas
1539 661 1777 742 praedo
1810 659 2093 726 duxerat
2125 660 2320 724 alnos

623 764 1003 841 DardanuS,
1030 761 1219 826 exilii
1246 761 1528 825 comites
1558 763 1795 825 habet:
1842 762 2002 824 urbe
2031 761 2319 844 potitur·

621 864 944 942 Antenor,
973 863 1287 946 regnique
1315 862 1518 926 decus
1547 883 1671 926 rex
1698 863 1916 926 lectus
1946 861 2255 943 adauget,

621 966 958 1033 Astrictus
985 965 1196 1029 sociis
1224 964 1296 1027 in
1321 964 1578 1027 foedera
1603 963 1763 1028 laeta
1793 961 2123 1028 Gabinus.

2690 963 2817 1032 885

624 1068 829 1132 Hunc
859 1073 1082 1131 tamen
1109 1069 1372 1129 extorto
1401 1064 1673 1147 cupiens
1697 1067 2284 1145 evertere'sceptro

625 1168 992 1235 Maenalias
1022 1167 1357 1233 mendicat
1385 1184 1578 1248 ope-S,
1618 1164 1893 1230 Dircaea
1918 1161 2213 1246 pererrat

625 1269 926 1354 Oppida,
953 1268 1273 1350 digressis
1301 1267 1526 1331 audax
1557 1265 1806 1330 bellare
1836 1264 2143 1346 Pelasgis

627 1372 902 1448 AEneas,
933 1371 1053 1434 sed
1083 1388 1280 1434 cassa
1307 1368 1466 1431 novi
1495 1366 1833 1430 molimina
1860 1365 2017 1430 belli

628 1473 949 1552 QuestuS,
978 1473 1048 1536 in
1079 1470 1462 1535 Hadriacas
1493 1468 1657 1530 exul
1687 1466 2019 1531 delabitur
2045 1467 2285 1531 undas„

2685 1467 2815 1536 890

627 1574 700 1637 H
709 1575 772 1638 ic
803 1574 954 1637 urbi
985 1572 1284 1655 Corcyra
1312 1589 1529 1646 novae,
1560 1587 1765 1651 quam
1795 1574 2134 1632 struxerat
2162 1569 2330 1652 ipse,

625 1675 917 1752 Nomen,
948 1680 1016 1738 et
1041 1673 1289 1755 exiguo
1317 1674 1545 1753 regnat
1573 1675 1917 1734 contentus
1946 1669 2184 1752 agene,
2272 1702 2280 1710 ·

626 1775 952 1840 Romanis
982 1776 1140 1841 olim
1171 1774 1534 1858 permissus
1563 1770 1906 1836 moenibus
1935 1777 2189 1836 auctor.

1561 1933 1914 1956 ‘Ome‘

689 2053 784 2098 885
821 2048 1028 2099 Gabinis
1057 2049 1193 2098 Edd.
1234 2049 1371 2096 Mor.
1397 2055 1452 2096 et
1495 2045 1758 2107 Spondan.
1783 2046 2048 2096 Gebreum‘a
2081 2048 2322 2098 Dresem.
2388 2048 2524 2098 Vide
2544 2055 2655 2100 not.
2657 2053 2815 2100 -891

626 2112 761 2162 Hinc
793 2114 1010 2163 Dresem
1014 2116 1191 2162 .-893
1217 2111 1498 2160 Promissus
1521 2111 1765 2160 Dresem.

1613 2221 1828 2272 NOTAE

653 2321 774 2370 886
791 2322 1038 2371 Auria-tus
1050 2323 1190 2370 sociis
1204 2320 1445 2381 infoederu
1457 2321 1571 2368 loeta
1583 2319 1684 2369 Ga·

625 2395 786 2458 ὀίιιιω]
809 2396 1056 2448 Quisnam
1077 2396 1203 2446 hic‘
1221 2395 1502 2446 Gabinus?
1542 2410 1683 2444 mon-

628 2480 791 2521 strum
847 2471 1098 2522 lectionis.
1163 2472 1244 2522 Ex
1293 2471 1456 2535 Dicty
1498 2470 1683 2535 liquet,

624 2559 680 2595 v.
718 2562 835 2612 qum
865 2549 1046 2599 melior
1075 2550 1233 2599 lectio
1255 2547 1354 2597 sit:
1385 2546 1509 2595 ‘An
1533 2554 1684 2597 tenor

626 2636 786 2686 regno
812 2623 1008 2685 potitur
1029 2624 1268 2687 Trojano.
1334 2622 1420 2671 Fit
1439 2622 1683 2687 princeps

627 2697 869 2747 amicitie
909 2697 1049 2761 ejua’
1092 2698 1278 2763 (verba
1310 2696 1576 2760 Dictys)‘
1594 2711 1685 2745 rex

628 2774 977 2824 Cebrenornm
991 2772 1296 2825 OEnidaensss
1312 2771 1548 2821 Cebrene
1565 2786 1688 2821 vero

626 2856 711 2898 est
742 2850 1006 2913 provincia
1040 2850 1252 2898 minoris
1290 2846 1447 2909 Asiae,
1483 2846 1551 2895 de
1584 2862 1688 2910 qna

625 2924 789 2973 muita
831 2924 1019 2973 Strabo
1071 2924 1163 2972 lib.
1197 2935 1323 2970 xur-
1362 2936 1416 2985 p.
1453 2925 1690 2971 41⁰·417.

580 3004 584 3009 '
627 2999 916 3062 Stephanus
952 2997 1234 3061 Byzantius
1267 2998 1317 3045 in
1359 2995 1601 3058 Κεβρηΐας
1635 2998 1686 3046 ἰιι

628 3090 729 3138 qua
771 3064 1065 3136 sepulcrum
1107 3068 1315 3123 Paridis
1345 3081 1402 3123 et
1442 3073 1685 3123 OEnones.

627 3153 726 3201 Est
757 3153 918 3201 etiam
949 3151 1089 3201 urbis
1122 3165 1330 3212 nomen,
1353 3166 1382 3199 a
1403 3165 1506 3214 qna
1537 3151 1687 3201 Pria·

627 3240 740 3275 mus
777 3224 938 3275 fliium
975 3226 992 3253 ‘
1016 3224 1352 3277 Cebrionem'
1386 3225 1687 3275 denomina-

631 3302 726 3364 vit,
762 3302 908 3365 eujus
955 3302 1111 3351 etiam
1152 3302 1408 3351 Homerus
1451 3302 1687 3352 meminit

628 3377 784 3427 Iliad.
805 3382 865 3427 A.
886 3391 940 3439 p.
963 3380 1078 3426 398.
1099 3383 1156 3425 et
1191 3377 1570 3440 epigrammatis
1594 3383 1684 3426 Ke-

627 3452 788 3517 βρηνυὶ
828 3452 992 3517 ἄνδρες
1023 3452 1189 3516 ἔχωσι.
1244 3454 1484 3517 Apollod.
1504 3467 1596 3504 ιιι.
1632 3470 1683 3518 p.

629 3532 876 3581 181.184.
945 3530 1192 3579 Cebrenis
1215 3536 1294 3579 est
1315 3528 1684 3593 fluvius,cnjns

625 3599 787 3655 'filiam
810 3604 1106 3668 Asteropen
1123 3605 1335 3653 AEsacus
1375 3606 1569 3655 Priami
1592 3606 1685 3655 du-

629 3680 722 3729 cit.
788 3680 988 3731 OEnone
1023 3680 1182 3729 etiam
1219 3678 1379 3729 filia‘
1407 3681 1688 3731 Cebrenis’

627 3754 818 3811 eidem,
841 3755 892 3804 d.
915 3756 948 3803 l.
971 3753 1130 3805 Ovid.
1150 3754 1316 3805 AEsaci
1335 3763 1548 3817 nuptam
1573 3755 1685 3806 Ali-

631 3830 859 3881 xotboiin
903 3838 1078 3892 vocat,
1110 3828 1268 3878 filiam
1311 3843 1438 3878 vero
1481 3830 1684 3882 illorum

630 3907 860 3971 Eperieu
882 3904 901 3934 ‘
915 3904 1237 3966 Cebrenida‚'
1259 3904 1350 3954 lib.
1373 3917 1449 3973 ξι.
1469 3906 1684 3958 Metam.

630 3983 712 4031 Ex
727 3982 910 4047 quibus
922 3980 1553 4043 manifestum,iegendum
1572 3998 1686 4033 esse

636 4063 728 4105 ant
757 4059 772 4089 ⁶
794 4056 1082 4107 Cebrennis
1097 4054 1114 4077 '
1135 4063 1226 4105 aut
1245 4057 1260 4083 ‘
1279 4054 1607 4112 Gebrennis,’
1628 4062 1688 4106 ut

631 4129 824 4192 Dictys
839 4130 1042 4179 literam
1058 4136 1226 4179 mutat
1237 4146 1253 4179 t
1290 4129 1386 4179 nisi
1404 4128 1536 4183 forte
1549 4131 1688 4183 Auo-

638 4212 721 4253 tor
760 4218 944 4255 nomen
989 4206 1222 4256 emollire
1265 4204 1516 4257 voluerit:
1572 4206 1590 4233 ‘
1615 4205 1687 4255 A·

1765 2320 1962 2369 strictis
1985 2319 2141 2369 sociis
2165 2321 2218 2369 in
2242 2318 2440 2370 foedera
2459 2321 2584 2369 laeta
2606 2318 2814 2370 Geben-

1762 2395 1877 2444 nis?

1825 2474 1925 2522 886
1958 2471 2103 2521 Hanc
2136 2474 2309 2528 tamen,
2340 2471 2445 2534 ξω]
2482 2471 2621 2522 Nihil
2637 2471 2814 2521 horum

1761 2547 1966 2605 Dares·
1988 2545 2220 2608 sequitur
2242 2553 2415 2595 autem
2437 2547 2657 2609 Dictyn.

1826 2624 1919 2671 891
1956 2620 2057 2669 Hic
2077 2620 2184 2669 urbi
2210 2622 2417 2685 Corcyra
2437 2620 2594 2684 aovae]
2628 2621 2817 2685 Dictys

1764 2695 2045 2760 Corcyram
2078 2698 2094 2723 ‘
2118 2696 2396 2746 Melenen'
2417 2704 2607 2757 vocat3
2642 2698 2715 2745 ita
2746 2698 2819 2746 le·

1763 2770 1985 2833 gendum
2024 2768 2183 2832 foret,
2222 2772 2238 2797 ‘
2263 2771 2461 2834 nigre-⁹
2522 2771 2819 2821 Marcianus

1763 2847 1920 2896 etiarn
1945 2846 2261 2896 Heracleote
2284 2862 2336 2910 p.
2361 2851 2442 2897 18.
2470 2846 2675 2909 μέλαινα
2702 2845 2821 2911 Κόρ-

1760 2922 1880 2985 κυρ’,
1901 2919 1961 2978 ἣν
1982 2920 2157 2971 Κνίδιοι
2178 2920 2462 2986 κατῴκισαν.
2505 2924 2819 2973 Ptolomeus

1762 2997 1980 3047 insiliam
2031 2999 2303 3047 Dalmatia
2348 3007 2504 3048 vocat
2562 2990 2653 3049 lib·
2690 3014 2728 3051 ι.
2768 3000 2820 3048 in

1765 3072 1888 3123 fine.
1922 3073 2107 3122 Strabo
2129 3074 2287 3123 etiam
2308 3074 2400 3124 lib.
2422 3088 2484 3123 ιι.
2501 3082 2559 3124 et
2576 3088 2675 3125 vn.
2715 3075 2820 3125 Sed

1767 3163 1947 3212 parum
1968 3148 2093 3200 fidei
2117 3151 2281 3214 Dicty
2308 3158 2363 3201 et
2386 3152 2637 3203 Historia!
2660 3153 2727 3205 de
2744 3154 2821 3203 lo-

1766 3225 1843 3274 eis
1885 3224 1951 3275 ad
1996 3240 2111 3289 qum
2152 3224 2341 3276 AEueas
2384 3230 2603 3279 venerit.
2691 3228 2822 3279 Vide

1764 3300 2071 3351 Strabonem
2098 3314 2227 3351 xm.
2252 3318 2304 3365 p.
2326 3307 2441 3353 ⁴18.
2495 3306 2633 3355 Vide
2666 3306 2821 3355 etiarn

1764 3376 1799 3427 J
1803 3376 2047 3438 osephum
2066 3378 2312 3439 Scaliger.
2329 3379 2394 3428 ad
2410 3380 2689 3430 Eusebium
2704 3395 2822 3445 pag.

1766 3454 1851 3500 52.
1884 3451 2203 3514 Stephanum
2228 3453 2293 3503 de
2316 3454 2527 3503 urbibus
2550 3456 2601 3503 in
2624 3456 2819 3506 AEnea:

1766 3540 1914 3590 quam
1947 3527 2012 3576 ab
2034 3526 2192 3576 AEnea
2222 3528 2275 3577 iii
2308 3530 2526 3579 Thracia
2554 3530 2819 3581 conditam

1768 3601 1895 3651 vult.
1949 3602 2115 3651 Varro
2130 3611 2310 3652 auctor
2325 3612 2423 3666 est,
2440 3605 2649 3655 AEneam
2663 3606 2820 3671 Trojs

1763 3676 2055 3740 profectum
2077 3679 2295 3729 Veneris
2318 3694 2413 3743 per
2448 3680 2583 3729 diem
2618 3683 2816 3731 stellam

1765 3766 1972 3816 semper
1996 3752 2209 3814 vidisse,
2232 3754 2396 3803 donec
2427 3754 2481 3803 in
2504 3756 2816 3806 Laurentum

1766 3840 1941 3890 agrum
1959 3829 2117 3891 venit,
2130 3829 2215 3879 ubi
2231 3844 2331 3879 non
2347 3837 2427 3881 est
2441 3832 2663 3894 amplius
2680 3834 2815 3881 visa:

1764 3915 1925 3966 quare
1958 3906 2258 3967 cognovisse
2280 3906 2370 3955 has
2409 3913 2571 3955 terras
2606 3922 2713 3957 esse
2741 3906 2816 3956 fa·

1768 3979 1915 4029 tales.

1832 4060 1927 4107 893
1963 4057 2195 4107 Romanis
2227 4058 2337 4107 olim
2364 4061 2619 4129 permissus
2658 4062 2819 4112 mi-

1766 4132 1853 4181 bas
1863 4132 2050 4195 auctor]
2081 4133 2448 4196 vulgatissima
2466 4150 2549 4184 res
2564 4134 2700 4199 apud
2722 4136 2818 4184 Ro·

1768 4222 1946 4261 manos
1966 4208 2277 4273 Historicos,
2300 4209 2365 4263 de
2387 4224 2491 4275 qua
2510 4210 2817 4275 Dionysius,
