<?xml version="1.0" encoding="UTF-8"?>
<!DOCTYPE html PUBLIC "-//W3C//DTD XHTML 1.0 Transitional//EN"
    "http://www.w3.org/TR/xhtml1/DTD/xhtml1-transitional.dtd">
<html xmlns="http://www.w3.org/1999/xhtml" xml:lang="en" lang="en">
 <head>
  <title>
</title>
<meta http-equiv="Content-Type" content="text/html;charset=utf-8" />
  <meta name='ocr-system' content='tesseract 3.04.00' />
  <meta name='ocr-capabilities' content='ocr_page ocr_carea ocr_par ocr_line ocrx_word'/>
</head>
<body>
  <div class='ocr_page' id='page_1' title='image "./dictyscretensis01dresgoog_0218.png"; bbox 0 0 3173 4957; ppageno 0'>
   <div class='ocr_carea' id='block_1_1' title="bbox 614 396 1995 463">
    <p class='ocr_par' dir='ltr' id='par_1_1' title="bbox 614 396 1995 463">
     <span class='ocr_line' id='line_1_1' title="bbox 614 396 1995 463; baseline 0.004 -10"><span class='ocrx_word' id='word_1_1' title='bbox 614 396 744 462; x_wconf 71' lang='grc'><strong>560</strong></span> <span class='ocrx_word' id='word_1_2' title='bbox 1384 411 1690 461; x_wconf 73' lang='lat' dir='ltr'><strong>Josnrm</strong></span> <span class='ocrx_word' id='word_1_3' title='bbox 1741 409 1995 463; x_wconf 67' lang='lat' dir='ltr'><strong>{somn</strong></span> 
     </span>
    </p>
   </div>
   <div class='ocr_carea' id='block_1_2' title="bbox 576 555 2809 2957">
    <p class='ocr_par' dir='ltr' id='par_1_2' title="bbox 615 555 2809 740">
     <span class='ocr_line' id='line_1_2' title="bbox 620 555 2809 641; baseline 0.001 -21"><span class='ocrx_word' id='word_1_4' title='bbox 620 555 816 621; x_wconf 91' lang='lat' dir='ltr'><strong>Nunc</strong></span> <span class='ocrx_word' id='word_1_5' title='bbox 846 557 1118 640; x_wconf 85' lang='lat' dir='ltr'><strong>duplex,</strong></span> <span class='ocrx_word' id='word_1_6' title='bbox 1148 572 1319 618; x_wconf 91' lang='lat' dir='ltr'><strong>nunc</strong></span> <span class='ocrx_word' id='word_1_7' title='bbox 1342 556 1559 620; x_wconf 90' lang='lat' dir='ltr'><strong>nullus</strong></span> <span class='ocrx_word' id='word_1_8' title='bbox 1588 562 1776 621; x_wconf 86' lang='lat' dir='ltr'><strong>erat:</strong></span> <span class='ocrx_word' id='word_1_9' title='bbox 1822 575 1955 622; x_wconf 89' lang='lat' dir='ltr'><strong>non</strong></span> <span class='ocrx_word' id='word_1_10' title='bbox 1987 555 2280 620; x_wconf 81' lang='lat' dir='ltr'><strong>crebrior</strong></span> <span class='ocrx_word' id='word_1_11' title='bbox 2305 571 2602 641; x_wconf 90' lang='lat' dir='ltr'><strong>unquam</strong></span> <span class='ocrx_word' id='word_1_12' title='bbox 2671 557 2809 622; x_wconf 82' lang='lat'><strong>666</strong></span> 
     </span>
     <span class='ocr_line' id='line_1_3' title="bbox 615 655 2168 740; baseline 0.001 -20"><span class='ocrx_word' id='word_1_13' title='bbox 615 657 731 721; x_wconf 90' lang='lat' dir='ltr'><strong>Ira</strong></span> <span class='ocrx_word' id='word_1_14' title='bbox 754 657 800 722; x_wconf 82' lang='lat' dir='ltr'><strong>J</strong></span> <span class='ocrx_word' id='word_1_15' title='bbox 803 658 973 733; x_wconf 84' lang='lat' dir='ltr'><strong>ovis,</strong></span> <span class='ocrx_word' id='word_1_16' title='bbox 1004 675 1135 720; x_wconf 89' lang='lat' dir='ltr'><strong>non</strong></span> <span class='ocrx_word' id='word_1_17' title='bbox 1164 655 1364 737; x_wconf 89' lang='lat' dir='ltr'><strong>plura</strong></span> <span class='ocrx_word' id='word_1_18' title='bbox 1390 657 1585 721; x_wconf 84' lang='lat' dir='ltr'><strong>novis</strong></span> <span class='ocrx_word' id='word_1_19' title='bbox 1607 661 1912 740; x_wconf 85' lang='lat' dir='ltr'><strong>portenta</strong></span> <span class='ocrx_word' id='word_1_20' title='bbox 1935 657 2168 740; x_wconf 86' lang='lat' dir='ltr'><strong>figuris</strong></span> 
     </span>
    </p>

    <p class='ocr_par' dir='ltr' id='par_1_3' title="bbox 610 741 2294 842">
     <span class='ocr_line' id='line_1_4' title="bbox 610 741 2294 842; baseline 0 -20"><span class='ocrx_word' id='word_1_21' title='bbox 610 757 787 822; x_wconf 86' lang='lat' dir='ltr'><strong>Visa</strong></span> <span class='ocrx_word' id='word_1_22' title='bbox 813 749 1021 842; x_wconf 66' lang='lat' dir='ltr'><strong>prim,</strong></span> <span class='ocrx_word' id='word_1_23' title='bbox 1052 757 1316 822; x_wconf 88' lang='lat' dir='ltr'><strong>silicum</strong></span> <span class='ocrx_word' id='word_1_24' title='bbox 1335 741 1673 842; x_wconf 54' lang='lat' dir='ltr'><strong>lamis,</strong></span> <span class='ocrx_word' id='word_1_25' title='bbox 1699 757 1941 823; x_wconf 85' lang='lat' dir='ltr'><strong>sudore</strong></span> <span class='ocrx_word' id='word_1_26' title='bbox 1973 758 2294 836; x_wconf 82' lang='lat' dir='ltr'>Deorum,</span> 
     </span>
    </p>

    <p class='ocr_par' dir='ltr' id='par_1_4' title="bbox 612 847 2369 942">
     <span class='ocr_line' id='line_1_5' title="bbox 612 847 2369 942; baseline -0.001 -19"><span class='ocrx_word' id='word_1_27' title='bbox 612 857 1003 923; x_wconf 84' lang='lat' dir='ltr'><strong>Latranturn</strong></span> <span class='ocrx_word' id='word_1_28' title='bbox 1038 847 1311 940; x_wconf 83' lang='lat' dir='ltr'><strong>gemitu,</strong></span> <span class='ocrx_word' id='word_1_29' title='bbox 1343 865 1674 942; x_wconf 88' lang='lat' dir='ltr'><strong>partuque</strong></span> <span class='ocrx_word' id='word_1_30' title='bbox 1704 859 1772 920; x_wconf 90' lang='lat' dir='ltr'><strong>in</strong></span> <span class='ocrx_word' id='word_1_31' title='bbox 1799 863 2100 922; x_wconf 89' lang='lat' dir='ltr'><strong>monstra</strong></span> <span class='ocrx_word' id='word_1_32' title='bbox 2119 859 2369 936; x_wconf 88' lang='lat' dir='ltr'><strong>soluto,</strong></span> 
     </span>
    </p>

    <p class='ocr_par' dir='ltr' id='par_1_5' title="bbox 610 957 2197 1043">
     <span class='ocr_line' id='line_1_6' title="bbox 610 957 2197 1043; baseline 0 -21"><span class='ocrx_word' id='word_1_33' title='bbox 610 959 897 1024; x_wconf 80' lang='lat' dir='ltr'>Venturi</span> <span class='ocrx_word' id='word_1_34' title='bbox 916 959 1059 1043; x_wconf 86' lang='lat' dir='ltr'><strong>jam</strong></span> <span class='ocrx_word' id='word_1_35' title='bbox 1086 958 1269 1024; x_wconf 88' lang='lat' dir='ltr'><strong>clara</strong></span> <span class='ocrx_word' id='word_1_36' title='bbox 1295 958 1465 1022; x_wconf 89' lang='lat' dir='ltr'><strong>fides</strong></span> <span class='ocrx_word' id='word_1_37' title='bbox 1492 978 1510 1022; x_wconf 74' lang='lat' dir='ltr'><strong>t</strong></span> <span class='ocrx_word' id='word_1_38' title='bbox 1558 958 1866 1023; x_wconf 89' lang='lat' dir='ltr'><strong>accendit</strong></span> <span class='ocrx_word' id='word_1_39' title='bbox 1891 957 2197 1022; x_wconf 83' lang='lat' dir='ltr'><strong>Achivos</strong></span> 
     </span>
    </p>

    <p class='ocr_par' dir='ltr' id='par_1_6' title="bbox 606 1058 2800 1245">
     <span class='ocr_line' id='line_1_7' title="bbox 606 1058 2800 1145; baseline 0 -21"><span class='ocrx_word' id='word_1_40' title='bbox 606 1059 1065 1137; x_wconf 81' lang='lat' dir='ltr'><strong>Thestorides,</strong></span> <span class='ocrx_word' id='word_1_41' title='bbox 1094 1059 1461 1145; x_wconf 82' lang='lat' dir='ltr'><strong>panditque</strong></span> <span class='ocrx_word' id='word_1_42' title='bbox 1483 1059 1703 1124; x_wconf 82' lang='lat' dir='ltr'><strong>Deos:</strong></span> <span class='ocrx_word' id='word_1_43' title='bbox 1747 1059 1850 1123; x_wconf 92' lang='lat' dir='ltr'><strong>illi</strong></span> <span class='ocrx_word' id='word_1_44' title='bbox 1867 1058 2162 1142; x_wconf 88' lang='lat' dir='ltr'><strong>undique</strong></span> <span class='ocrx_word' id='word_1_45' title='bbox 2183 1060 2391 1124; x_wconf 88' lang='lat' dir='ltr'><strong>muris</strong></span> <span class='ocrx_word' id='word_1_46' title='bbox 2664 1059 2800 1124; x_wconf 73' lang='lat'><strong>67⁰</strong></span> 
     </span>
     <span class='ocr_line' id='line_1_8' title="bbox 608 1159 2370 1245; baseline -0.001 -21"><span class='ocrx_word' id='word_1_47' title='bbox 608 1161 963 1240; x_wconf 89' lang='lat' dir='ltr'><strong>Insultant,</strong></span> <span class='ocrx_word' id='word_1_48' title='bbox 994 1181 1130 1245; x_wconf 86' lang='lat' dir='ltr'><strong>qua</strong></span> <span class='ocrx_word' id='word_1_49' title='bbox 1154 1167 1326 1226; x_wconf 86' lang='lat' dir='ltr'><strong>terra</strong></span> <span class='ocrx_word' id='word_1_50' title='bbox 1354 1168 1584 1243; x_wconf 88' lang='lat' dir='ltr'><strong>patet:</strong></span> <span class='ocrx_word' id='word_1_51' title='bbox 1632 1179 1792 1243; x_wconf 87' lang='lat' dir='ltr'><strong>pars</strong></span> <span class='ocrx_word' id='word_1_52' title='bbox 1820 1165 2084 1225; x_wconf 81' lang='lat' dir='ltr'><strong>nectere</strong></span> <span class='ocrx_word' id='word_1_53' title='bbox 2109 1159 2370 1224; x_wconf 82' lang='lat' dir='ltr'><strong>classes</strong></span> 
     </span>
    </p>

    <p class='ocr_par' dir='ltr' id='par_1_7' title="bbox 607 1261 2189 1340">
     <span class='ocr_line' id='line_1_9' title="bbox 607 1261 2189 1340; baseline -0.001 -14"><span class='ocrx_word' id='word_1_54' title='bbox 607 1261 949 1340; x_wconf 82' lang='lat' dir='ltr'><strong>Destinat,</strong></span> <span class='ocrx_word' id='word_1_55' title='bbox 980 1270 1046 1328; x_wconf 88' lang='lat' dir='ltr'><strong>et</strong></span> <span class='ocrx_word' id='word_1_56' title='bbox 1075 1267 1351 1328; x_wconf 89' lang='lat' dir='ltr'><strong>cunctos</strong></span> <span class='ocrx_word' id='word_1_57' title='bbox 1380 1262 1563 1326; x_wconf 88' lang='lat' dir='ltr'><strong>urbis</strong></span> <span class='ocrx_word' id='word_1_58' title='bbox 1591 1266 1842 1327; x_wconf 87' lang='lat' dir='ltr'><strong>tentare</strong></span> <span class='ocrx_word' id='word_1_59' title='bbox 1865 1278 2189 1327; x_wconf 79' lang='lat' dir='ltr'><strong>recessus.</strong></span> 
     </span>
    </p>

    <p class='ocr_par' dir='ltr' id='par_1_8' title="bbox 693 1362 2206 1447">
     <span class='ocr_line' id='line_1_10' title="bbox 693 1362 2206 1447; baseline -0.002 -19"><span class='ocrx_word' id='word_1_60' title='bbox 693 1363 790 1428; x_wconf 89' lang='lat' dir='ltr'><strong>At</strong></span> <span class='ocrx_word' id='word_1_61' title='bbox 818 1364 1093 1447; x_wconf 83' lang='lat' dir='ltr'><strong>Phrygii</strong></span> <span class='ocrx_word' id='word_1_62' title='bbox 1120 1362 1377 1428; x_wconf 89' lang='lat' dir='ltr'><strong>reditus</strong></span> <span class='ocrx_word' id='word_1_63' title='bbox 1406 1362 1695 1428; x_wconf 79' lang='lat' dir='ltr'><strong>Ledaeos</strong></span> <span class='ocrx_word' id='word_1_64' title='bbox 1724 1381 1895 1445; x_wconf 89' lang='lat' dir='ltr'><strong>pace</strong></span> <span class='ocrx_word' id='word_1_65' title='bbox 1924 1362 2206 1445; x_wconf 86' lang='lat' dir='ltr'><strong>pacisci,</strong></span> 
     </span>
    </p>

    <p class='ocr_par' dir='ltr' id='par_1_9' title="bbox 606 1463 2126 1547">
     <span class='ocr_line' id='line_1_11' title="bbox 606 1463 2126 1547; baseline 0 -19"><span class='ocrx_word' id='word_1_66' title='bbox 606 1464 697 1528; x_wconf 86' lang='lat' dir='ltr'><strong>Et</strong></span> <span class='ocrx_word' id='word_1_67' title='bbox 724 1464 982 1530; x_wconf 86' lang='lat' dir='ltr'><strong>tandem</strong></span> <span class='ocrx_word' id='word_1_68' title='bbox 1010 1466 1231 1547; x_wconf 84' lang='lat' dir='ltr'><strong>longis</strong></span> <span class='ocrx_word' id='word_1_69' title='bbox 1250 1467 1590 1530; x_wconf 78' lang='lat' dir='ltr'><strong>hortantur</strong></span> <span class='ocrx_word' id='word_1_70' title='bbox 1613 1464 1872 1531; x_wconf 75' lang='lat' dir='ltr'><strong>foedera</strong></span> <span class='ocrx_word' id='word_1_71' title='bbox 1898 1463 2126 1528; x_wconf 89' lang='lat' dir='ltr'><strong>bellis.</strong></span> 
     </span>
    </p>

    <p class='ocr_par' dir='ltr' id='par_1_10' title="bbox 600 1563 2794 1850">
     <span class='ocr_line' id='line_1_12' title="bbox 604 1563 2794 1648; baseline -0.001 -18"><span class='ocrx_word' id='word_1_72' title='bbox 604 1566 859 1631; x_wconf 84' lang='lat' dir='ltr'><strong>Suadet</strong></span> <span class='ocrx_word' id='word_1_73' title='bbox 878 1567 1054 1630; x_wconf 90' lang='lat' dir='ltr'><strong>idem</strong></span> <span class='ocrx_word' id='word_1_74' title='bbox 1084 1566 1411 1648; x_wconf 88' lang='lat' dir='ltr'><strong>Antenor;</strong></span> <span class='ocrx_word' id='word_1_75' title='bbox 1455 1567 1696 1632; x_wconf 88' lang='lat' dir='ltr'><strong>suadet</strong></span> <span class='ocrx_word' id='word_1_76' title='bbox 1719 1563 2074 1630; x_wconf 76' lang='lat' dir='ltr'><strong>facundior</strong></span> <span class='ocrx_word' id='word_1_77' title='bbox 2099 1565 2214 1630; x_wconf 90' lang='lat' dir='ltr'><strong>illo</strong></span> <span class='ocrx_word' id='word_1_78' title='bbox 2661 1563 2794 1628; x_wconf 78' lang='lat'><strong>6⁷5</strong></span> 
     </span>
     <span class='ocr_line' id='line_1_13' title="bbox 602 1665 2764 1751; baseline -0.004 -20"><span class='ocrx_word' id='word_1_79' title='bbox 602 1665 1049 1751; x_wconf 79' lang='lat' dir='ltr'><strong>Polydamas3</strong></span> <span class='ocrx_word' id='word_1_80' title='bbox 1094 1668 1335 1733; x_wconf 78' lang='lat' dir='ltr'><strong>suadet</strong></span> <span class='ocrx_word' id='word_1_81' title='bbox 1360 1667 1497 1732; x_wconf 87' lang='lat' dir='ltr'><strong>leni</strong></span> <span class='ocrx_word' id='word_1_82' title='bbox 1526 1665 1926 1732; x_wconf 87' lang='lat' dir='ltr'><strong>mitissimus</strong></span> <span class='ocrx_word' id='word_1_83' title='bbox 1965 1684 2083 1729; x_wconf 89' lang='lat' dir='ltr'><strong>ore</strong></span> <span class='ocrx_word' id='word_1_84' title='bbox 2757 1713 2764 1722; x_wconf 91' lang='lat'>.</span> 
     </span>
     <span class='ocr_line' id='line_1_14' title="bbox 600 1766 2275 1850; baseline -0.003 -17"><span class='ocrx_word' id='word_1_85' title='bbox 600 1767 770 1833; x_wconf 84' lang='lat' dir='ltr'><strong>Dux</strong></span> <span class='ocrx_word' id='word_1_86' title='bbox 799 1767 1293 1833; x_wconf 82' lang='lat' dir='ltr'><strong>Anchisiades:</strong></span> <span class='ocrx_word' id='word_1_87' title='bbox 1338 1786 1524 1849; x_wconf 86' lang='lat' dir='ltr'><strong>reges</strong></span> <span class='ocrx_word' id='word_1_88' title='bbox 1555 1766 1888 1832; x_wconf 87' lang='lat' dir='ltr'><strong>cecidisse</strong></span> <span class='ocrx_word' id='word_1_89' title='bbox 1917 1771 2275 1850; x_wconf 88' lang='lat' dir='ltr'><strong>queruntur</strong></span> 
     </span>
    </p>

    <p class='ocr_par' dir='ltr' id='par_1_11' title="bbox 597 1865 2270 1953">
     <span class='ocr_line' id='line_1_15' title="bbox 597 1865 2270 1953; baseline -0.003 -19"><span class='ocrx_word' id='word_1_90' title='bbox 597 1869 694 1934; x_wconf 86' lang='lat' dir='ltr'><strong>Et</strong></span> <span class='ocrx_word' id='word_1_91' title='bbox 717 1889 903 1934; x_wconf 87' lang='lat' dir='ltr'><strong>raras</strong></span> <span class='ocrx_word' id='word_1_92' title='bbox 934 1888 1284 1953; x_wconf 84' lang='lat' dir='ltr'><strong>superesse</strong></span> <span class='ocrx_word' id='word_1_93' title='bbox 1311 1886 1589 1932; x_wconf 73' lang='lat' dir='ltr'><strong>manust</strong></span> <span class='ocrx_word' id='word_1_94' title='bbox 1631 1887 1754 1932; x_wconf 86' lang='lat' dir='ltr'><strong>nec</strong></span> <span class='ocrx_word' id='word_1_95' title='bbox 1785 1866 1934 1932; x_wconf 85' lang='lat' dir='ltr'><strong>sola</strong></span> <span class='ocrx_word' id='word_1_96' title='bbox 1965 1865 2270 1949; x_wconf 86' lang='lat' dir='ltr'><strong>gemiscit</strong></span> 
     </span>
    </p>

    <p class='ocr_par' dir='ltr' id='par_1_12' title="bbox 592 1967 2782 2253">
     <span class='ocr_line' id='line_1_16' title="bbox 594 1967 2338 2053; baseline -0.004 -17"><span class='ocrx_word' id='word_1_97' title='bbox 594 1969 787 2049; x_wconf 87' lang='lat' dir='ltr'><strong>Ilios,</strong></span> <span class='ocrx_word' id='word_1_98' title='bbox 816 1975 933 2035; x_wconf 90' lang='lat' dir='ltr'><strong>aut</strong></span> <span class='ocrx_word' id='word_1_99' title='bbox 964 1970 1234 2053; x_wconf 86' lang='lat' dir='ltr'><strong>Phrygii</strong></span> <span class='ocrx_word' id='word_1_100' title='bbox 1262 1969 1454 2045; x_wconf 83' lang='lat' dir='ltr'><strong>fines,</strong></span> <span class='ocrx_word' id='word_1_101' title='bbox 1479 1977 1554 2034; x_wconf 89' lang='lat' dir='ltr'><strong>at</strong></span> <span class='ocrx_word' id='word_1_102' title='bbox 1582 1968 1905 2053; x_wconf 89' lang='lat' dir='ltr'><strong>quicquid</strong></span> <span class='ocrx_word' id='word_1_103' title='bbox 1933 1967 2338 2051; x_wconf 75' lang='lat' dir='ltr'><strong>Hydaspem</strong></span> 
     </span>
     <span class='ocr_line' id='line_1_17' title="bbox 594 2063 2782 2154; baseline -0.004 -18"><span class='ocrx_word' id='word_1_104' title='bbox 594 2071 1096 2148; x_wconf 81' lang='lat' dir='ltr'><strong>Gemmiferum,</strong></span> <span class='ocrx_word' id='word_1_105' title='bbox 1127 2070 1558 2154; x_wconf 80' lang='lat' dir='ltr'><strong>Scythicique</strong></span> <span class='ocrx_word' id='word_1_106' title='bbox 1579 2070 1938 2152; x_wconf 77' lang='lat' dir='ltr'><strong>interjacet</strong></span> <span class='ocrx_word' id='word_1_107' title='bbox 1966 2068 2261 2151; x_wconf 68' lang='lat' dir='ltr'><strong>aequoris</strong></span> <span class='ocrx_word' id='word_1_108' title='bbox 2288 2067 2480 2148; x_wconf 82' lang='lat' dir='ltr'><strong>algas</strong></span> <span class='ocrx_word' id='word_1_109' title='bbox 2653 2063 2782 2129; x_wconf 83' lang='lat'><strong>680</strong></span> 
     </span>
     <span class='ocr_line' id='line_1_18' title="bbox 592 2168 2424 2253; baseline -0.004 -17"><span class='ocrx_word' id='word_1_110' title='bbox 592 2171 781 2236; x_wconf 86' lang='lat' dir='ltr'><strong>Belli</strong></span> <span class='ocrx_word' id='word_1_111' title='bbox 810 2172 1051 2237; x_wconf 89' lang='lat' dir='ltr'><strong>damna</strong></span> <span class='ocrx_word' id='word_1_112' title='bbox 1080 2171 1291 2236; x_wconf 83' lang='lat' dir='ltr'><strong>dolet:</strong></span> <span class='ocrx_word' id='word_1_113' title='bbox 1333 2189 1456 2234; x_wconf 91' lang='lat' dir='ltr'><strong>nec</strong></span> <span class='ocrx_word' id='word_1_114' title='bbox 1485 2189 1609 2253; x_wconf 91' lang='lat' dir='ltr'><strong>par</strong></span> <span class='ocrx_word' id='word_1_115' title='bbox 1636 2169 1899 2233; x_wconf 87' lang='lat' dir='ltr'><strong>fortuna</strong></span> <span class='ocrx_word' id='word_1_116' title='bbox 1929 2168 2238 2249; x_wconf 88' lang='lat' dir='ltr'><strong>Pelasgis</strong></span> <span class='ocrx_word' id='word_1_117' title='bbox 2271 2185 2289 2228; x_wconf 76' lang='grc' dir='ltr'><strong><em>ε</em></strong></span> <span class='ocrx_word' id='word_1_118' title='bbox 2415 2202 2424 2213; x_wconf 83' lang='grc'>·</span> 
     </span>
    </p>

    <p class='ocr_par' dir='ltr' id='par_1_13' title="bbox 592 2268 2325 2354">
     <span class='ocr_line' id='line_1_19' title="bbox 592 2268 2325 2354; baseline -0.003 -16"><span class='ocrx_word' id='word_1_119' title='bbox 592 2271 864 2354; x_wconf 85' lang='lat' dir='ltr'><strong>Pugnat</strong></span> <span class='ocrx_word' id='word_1_120' title='bbox 887 2270 1321 2348; x_wconf 78' lang='lat' dir='ltr'><strong>Achilleidos,</strong></span> <span class='ocrx_word' id='word_1_121' title='bbox 1350 2270 1690 2336; x_wconf 89' lang='lat' dir='ltr'><strong>consultat</strong></span> <span class='ocrx_word' id='word_1_122' title='bbox 1729 2269 2004 2347; x_wconf 87' lang='lat' dir='ltr'><strong>Nestor,</strong></span> <span class='ocrx_word' id='word_1_123' title='bbox 2035 2268 2325 2352; x_wconf 83' lang='lat' dir='ltr'><strong>Ulysses</strong></span> 
     </span>
    </p>

    <p class='ocr_par' dir='ltr' id='par_1_14' title="bbox 576 2371 2782 2758">
     <span class='ocr_line' id='line_1_20' title="bbox 593 2371 2006 2454; baseline -0.001 -18"><span class='ocrx_word' id='word_1_124' title='bbox 593 2373 821 2452; x_wconf 87' lang='lat' dir='ltr'><strong>Fallit,</strong></span> <span class='ocrx_word' id='word_1_125' title='bbox 852 2378 919 2438; x_wconf 91' lang='lat' dir='ltr'><strong>et</strong></span> <span class='ocrx_word' id='word_1_126' title='bbox 943 2371 1223 2437; x_wconf 84' lang='lat' dir='ltr'><strong>Atridas</strong></span> <span class='ocrx_word' id='word_1_127' title='bbox 1253 2372 1459 2436; x_wconf 80' lang='lat' dir='ltr'><strong>ultrix</strong></span> <span class='ocrx_word' id='word_1_128' title='bbox 1488 2377 1857 2454; x_wconf 87' lang='lat' dir='ltr'><strong>exasperat</strong></span> <span class='ocrx_word' id='word_1_129' title='bbox 1883 2371 2006 2434; x_wconf 88' lang='lat' dir='ltr'><strong>ira.</strong></span> 
     </span>
     <span class='ocr_line' id='line_1_21' title="bbox 576 2470 2721 2557; baseline -0.003 -18"><span class='ocrx_word' id='word_1_130' title='bbox 576 2473 581 2485; x_wconf 84' lang='lat'><strong>‘</strong></span> <span class='ocrx_word' id='word_1_131' title='bbox 678 2473 885 2539; x_wconf 89' lang='lat' dir='ltr'><strong>Haud</strong></span> <span class='ocrx_word' id='word_1_132' title='bbox 909 2474 1064 2539; x_wconf 89' lang='lat' dir='ltr'><strong>tulit</strong></span> <span class='ocrx_word' id='word_1_133' title='bbox 1091 2470 1648 2556; x_wconf 86' lang='lat' dir='ltr'><strong>Amphimachus,</strong></span> <span class='ocrx_word' id='word_1_134' title='bbox 1678 2491 1910 2557; x_wconf 90' lang='lat' dir='ltr'><strong>pacem</strong></span> <span class='ocrx_word' id='word_1_135' title='bbox 1940 2475 2162 2553; x_wconf 88' lang='lat' dir='ltr'><strong>negat,</strong></span> <span class='ocrx_word' id='word_1_136' title='bbox 2193 2490 2375 2535; x_wconf 87' lang='lat' dir='ltr'><strong>arma</strong></span> <span class='ocrx_word' id='word_1_137' title='bbox 2402 2470 2721 2555; x_wconf 89' lang='lat' dir='ltr'><strong>reposcit,</strong></span> 
     </span>
     <span class='ocr_line' id='line_1_22' title="bbox 586 2570 2782 2657; baseline -0.003 -16"><span class='ocrx_word' id='word_1_138' title='bbox 586 2575 812 2641; x_wconf 88' lang='lat' dir='ltr'><strong>Edicit</strong></span> <span class='ocrx_word' id='word_1_139' title='bbox 836 2576 1069 2639; x_wconf 83' lang='lat' dir='ltr'><strong>laxare</strong></span> <span class='ocrx_word' id='word_1_140' title='bbox 1090 2573 1290 2651; x_wconf 77' lang='lat' dir='ltr'><strong>foreS,</strong></span> <span class='ocrx_word' id='word_1_141' title='bbox 1318 2573 1826 2657; x_wconf 84' lang='lat' dir='ltr'><strong>Phrygibusque</strong></span> <span class='ocrx_word' id='word_1_142' title='bbox 1855 2571 2256 2655; x_wconf 89' lang='lat' dir='ltr'><strong>triumphum</strong></span> <span class='ocrx_word' id='word_1_143' title='bbox 2651 2570 2782 2635; x_wconf 81' lang='lat'><strong>685</strong></span> 
     </span>
     <span class='ocr_line' id='line_1_23' title="bbox 590 2672 2317 2758; baseline -0.004 -16"><span class='ocrx_word' id='word_1_144' title='bbox 590 2677 931 2752; x_wconf 89' lang='lat' dir='ltr'><strong>Destinat,</strong></span> <span class='ocrx_word' id='word_1_145' title='bbox 961 2679 1079 2739; x_wconf 87' lang='lat' dir='ltr'><strong>aut</strong></span> <span class='ocrx_word' id='word_1_146' title='bbox 1104 2674 1383 2758; x_wconf 89' lang='lat' dir='ltr'><strong>pulchro</strong></span> <span class='ocrx_word' id='word_1_147' title='bbox 1412 2674 1740 2737; x_wconf 81' lang='lat' dir='ltr'><strong>victuram</strong></span> <span class='ocrx_word' id='word_1_148' title='bbox 1769 2673 2000 2735; x_wconf 80' lang='lat' dir='ltr'><strong>funere</strong></span> <span class='ocrx_word' id='word_1_149' title='bbox 2025 2672 2317 2735; x_wconf 80' lang='lat' dir='ltr'><strong>famam:</strong></span> 
     </span>
    </p>

    <p class='ocr_par' dir='ltr' id='par_1_15' title="bbox 586 2772 2305 2862">
     <span class='ocr_line' id='line_1_24' title="bbox 586 2772 2305 2862; baseline -0.005 -20"><span class='ocrx_word' id='word_1_150' title='bbox 586 2778 750 2861; x_wconf 90' lang='lat' dir='ltr'><strong>Ipse</strong></span> <span class='ocrx_word' id='word_1_151' title='bbox 782 2780 1165 2862; x_wconf 79' lang='lat' dir='ltr'><strong>aequaturus</strong></span> <span class='ocrx_word' id='word_1_152' title='bbox 1194 2773 1450 2849; x_wconf 85' lang='lat' dir='ltr'><strong>fratres,</strong></span> <span class='ocrx_word' id='word_1_153' title='bbox 1482 2791 1707 2835; x_wconf 86' lang='lat' dir='ltr'><strong>verum</strong></span> <span class='ocrx_word' id='word_1_154' title='bbox 1739 2772 2036 2836; x_wconf 88' lang='lat' dir='ltr'><strong>Hectore</strong></span> <span class='ocrx_word' id='word_1_155' title='bbox 2071 2772 2305 2855; x_wconf 87' lang='lat' dir='ltr'><strong>major,</strong></span> 
     </span>
    </p>

    <p class='ocr_par' dir='ltr' id='par_1_16' title="bbox 585 2872 2262 2957">
     <span class='ocr_line' id='line_1_25' title="bbox 585 2872 2262 2957; baseline -0.006 -16"><span class='ocrx_word' id='word_1_156' title='bbox 585 2877 702 2941; x_wconf 90' lang='lat' dir='ltr'><strong>Sic</strong></span> <span class='ocrx_word' id='word_1_157' title='bbox 730 2876 923 2941; x_wconf 85' lang='lat' dir='ltr'><strong>cedat</strong></span> <span class='ocrx_word' id='word_1_158' title='bbox 947 2893 1138 2957; x_wconf 90' lang='lat' dir='ltr'><strong>puer,</strong></span> <span class='ocrx_word' id='word_1_159' title='bbox 1168 2878 1237 2937; x_wconf 88' lang='lat' dir='ltr'><strong>et</strong></span> <span class='ocrx_word' id='word_1_160' title='bbox 1264 2872 1525 2955; x_wconf 84' lang='lat' dir='ltr'><strong>pugiles</strong></span> <span class='ocrx_word' id='word_1_161' title='bbox 1552 2872 1656 2937; x_wconf 82' lang='lat' dir='ltr'><strong>vir</strong></span> <span class='ocrx_word' id='word_1_162' title='bbox 1679 2880 1913 2953; x_wconf 86' lang='lat' dir='ltr'><strong>surgat</strong></span> <span class='ocrx_word' id='word_1_163' title='bbox 1940 2874 2007 2937; x_wconf 91' lang='lat' dir='ltr'><strong>in</strong></span> <span class='ocrx_word' id='word_1_164' title='bbox 2035 2888 2262 2937; x_wconf 85' lang='lat' dir='ltr'><strong>annos.</strong></span> 
     </span>
    </p>
   </div>
   <div class='ocr_carea' id='block_1_3' title="bbox 1496 3050 1858 3071">
    <p class='ocr_par' dir='ltr' id='par_1_17' title="bbox 1496 3050 1858 3071">
     <span class='ocr_line' id='line_1_26' title="bbox 1496 3050 1858 3071; baseline 0 0"><span class='ocrx_word' id='word_1_165' title='bbox 1496 3050 1858 3071; x_wconf 53' lang='lat' dir='ltr'><strong>emeomoe</strong></span> 
     </span>
    </p>
   </div>
   <div class='ocr_carea' id='block_1_4' title="bbox 647 3160 1511 3243">
    <p class='ocr_par' dir='ltr' id='par_1_18' title="bbox 647 3160 1511 3243">
     <span class='ocr_line' id='line_1_27' title="bbox 647 3160 1511 3243; baseline -0.001 -30"><span class='ocrx_word' id='word_1_166' title='bbox 647 3166 745 3213; x_wconf 84' lang='grc'><strong>688</strong></span> <span class='ocrx_word' id='word_1_167' title='bbox 778 3161 837 3213; x_wconf 70' lang='grc' dir='ltr'><strong>δι’</strong></span> <span class='ocrx_word' id='word_1_168' title='bbox 858 3160 995 3213; x_wconf 86' lang='lat' dir='ltr'><strong>Edd.</strong></span> <span class='ocrx_word' id='word_1_169' title='bbox 1016 3162 1153 3211; x_wconf 86' lang='lat' dir='ltr'><strong>Mor.</strong></span> <span class='ocrx_word' id='word_1_170' title='bbox 1176 3166 1231 3243; x_wconf 74' lang='lat' dir='ltr'><strong>et</strong></span> <span class='ocrx_word' id='word_1_171' title='bbox 1249 3160 1511 3227; x_wconf 84' lang='lat' dir='ltr'><strong>Spondan.</strong></span> 
     </span>
    </p>
   </div>
   <div class='ocr_carea' id='block_1_5' title="bbox 1560 3334 1776 3385">
    <p class='ocr_par' dir='ltr' id='par_1_19' title="bbox 1560 3334 1776 3385">
     <span class='ocr_line' id='line_1_28' title="bbox 1560 3334 1776 3385; baseline 0.005 -1"><span class='ocrx_word' id='word_1_172' title='bbox 1560 3334 1776 3385; x_wconf 75' lang='lat' dir='ltr'>NOTAE</span> 
     </span>
    </p>
   </div>
   <div class='ocr_carea' id='block_1_6' title="bbox 558 3440 2773 4266">
    <p class='ocr_par' dir='ltr' id='par_1_20' title="bbox 575 3440 2773 3661">
     <span class='ocr_line' id='line_1_29' title="bbox 580 3440 2773 3511; baseline -0.002 -16"><span class='ocrx_word' id='word_1_173' title='bbox 580 3445 647 3495; x_wconf 87' lang='lat' dir='ltr'><strong>de</strong></span> <span class='ocrx_word' id='word_1_174' title='bbox 680 3445 825 3495; x_wconf 80' lang='lat' dir='ltr'><strong>Luna</strong></span> <span class='ocrx_word' id='word_1_175' title='bbox 860 3450 916 3493; x_wconf 87' lang='lat' dir='ltr'><strong>et</strong></span> <span class='ocrx_word' id='word_1_176' title='bbox 960 3445 1083 3495; x_wconf 85' lang='lat' dir='ltr'><strong>Sole</strong></span> <span class='ocrx_word' id='word_1_177' title='bbox 1122 3445 1304 3511; x_wconf 74' lang='lat' dir='ltr'><strong>aliquio</strong></span> <span class='ocrx_word' id='word_1_178' title='bbox 1342 3444 1637 3509; x_wconf 77' lang='lat' dir='ltr'><strong>intelligere</strong></span> <span class='ocrx_word' id='word_1_179' title='bbox 1716 3446 1911 3508; x_wconf 61' lang='grc' dir='ltr'><strong>θοοῖς.</strong></span> <span class='ocrx_word' id='word_1_180' title='bbox 1953 3444 2059 3493; x_wconf 87' lang='lat' dir='ltr'><strong>·1·:t</strong></span> <span class='ocrx_word' id='word_1_181' title='bbox 2097 3442 2371 3491; x_wconf 75' lang='lat' dir='ltr'><strong>slmnlacra</strong></span> <span class='ocrx_word' id='word_1_182' title='bbox 2408 3440 2582 3491; x_wconf 78' lang='lat' dir='ltr'><strong>Deum</strong></span> <span class='ocrx_word' id='word_1_183' title='bbox 2606 3443 2773 3506; x_wconf 76' lang='lat' dir='ltr'><strong>lacry-</strong></span> 
     </span>
     <span class='ocr_line' id='line_1_30' title="bbox 576 3517 2770 3585; baseline -0 -15"><span class='ocrx_word' id='word_1_184' title='bbox 576 3520 755 3584; x_wconf 76' lang='lat' dir='ltr'><strong>possit.</strong></span> <span class='ocrx_word' id='word_1_185' title='bbox 818 3520 899 3568; x_wconf 87' lang='lat' dir='ltr'><strong>De</strong></span> <span class='ocrx_word' id='word_1_186' title='bbox 921 3520 1056 3569; x_wconf 78' lang='lat' dir='ltr'><strong>Solis</strong></span> <span class='ocrx_word' id='word_1_187' title='bbox 1096 3520 1321 3585; x_wconf 85' lang='lat' dir='ltr'><strong>deliquio</strong></span> <span class='ocrx_word' id='word_1_188' title='bbox 1360 3520 1477 3570; x_wconf 77' lang='lat' dir='ltr'><strong>vide</strong></span> <span class='ocrx_word' id='word_1_189' title='bbox 1514 3522 1638 3570; x_wconf 88' lang='lat' dir='ltr'><strong>Sca·</strong></span> <span class='ocrx_word' id='word_1_190' title='bbox 1715 3536 1824 3570; x_wconf 78' lang='lat' dir='ltr'><strong>mas</strong></span> <span class='ocrx_word' id='word_1_191' title='bbox 1841 3520 2051 3570; x_wconf 76' lang='lat' dir='ltr'><strong>sudasse</strong></span> <span class='ocrx_word' id='word_1_192' title='bbox 2069 3517 2548 3583; x_wconf 73' lang='lat' dir='ltr'><strong>tepentes,&#39;‘l&#39;ibnll.</strong></span> <span class='ocrx_word' id='word_1_193' title='bbox 2566 3517 2630 3568; x_wconf 83' lang='lat' dir='ltr'><strong>ad</strong></span> <span class='ocrx_word' id='word_1_194' title='bbox 2649 3534 2770 3584; x_wconf 71' lang='lat' dir='ltr'><strong>quar</strong></span> 
     </span>
     <span class='ocr_line' id='line_1_31' title="bbox 575 3595 2516 3661; baseline 0.001 -17"><span class='ocrx_word' id='word_1_195' title='bbox 575 3595 666 3659; x_wconf 83' lang='lat' dir='ltr'><strong>lig.</strong></span> <span class='ocrx_word' id='word_1_196' title='bbox 692 3595 755 3644; x_wconf 86' lang='lat' dir='ltr'><strong>ad</strong></span> <span class='ocrx_word' id='word_1_197' title='bbox 779 3608 867 3645; x_wconf 85' lang='lat' dir='ltr'><strong>m.</strong></span> <span class='ocrx_word' id='word_1_198' title='bbox 889 3595 1141 3658; x_wconf 85' lang='lat' dir='ltr'><strong>Propert.</strong></span> <span class='ocrx_word' id='word_1_199' title='bbox 1160 3610 1214 3659; x_wconf 85' lang='lat' dir='ltr'><strong>p.</strong></span> <span class='ocrx_word' id='word_1_200' title='bbox 1238 3599 1354 3644; x_wconf 75' lang='lat'><strong>239.</strong></span> <span class='ocrx_word' id='word_1_201' title='bbox 1713 3598 1904 3648; x_wconf 80' lang='lat' dir='ltr'><strong>videsis</strong></span> <span class='ocrx_word' id='word_1_202' title='bbox 1925 3598 2120 3661; x_wconf 82' lang='lat' dir='ltr'><strong>Scalig.</strong></span> <span class='ocrx_word' id='word_1_203' title='bbox 2143 3612 2196 3661; x_wconf 86' lang='lat' dir='ltr'><strong>p.</strong></span> <span class='ocrx_word' id='word_1_204' title='bbox 2221 3600 2338 3646; x_wconf 80' lang='lat'>158.</span> <span class='ocrx_word' id='word_1_205' title='bbox 2510 3608 2516 3611; x_wconf 84' lang='grc'><em>·</em></span> 
     </span>
    </p>

    <p class='ocr_par' dir='ltr' id='par_1_21' title="bbox 560 3670 2770 4038">
     <span class='ocr_line' id='line_1_32' title="bbox 639 3670 2768 3737; baseline 0.003 -18"><span class='ocrx_word' id='word_1_206' title='bbox 639 3674 739 3719; x_wconf 87' lang='grc'><strong>666</strong></span> <span class='ocrx_word' id='word_1_207' title='bbox 752 3670 906 3719; x_wconf 80' lang='lat' dir='ltr'><strong>Plura</strong></span> <span class='ocrx_word' id='word_1_208' title='bbox 921 3672 1055 3720; x_wconf 75' lang='lat' dir='ltr'><strong>novis</strong></span> <span class='ocrx_word' id='word_1_209' title='bbox 1074 3676 1295 3734; x_wconf 75' lang='lat' dir='ltr'><strong>portenta</strong></span> <span class='ocrx_word' id='word_1_210' title='bbox 1302 3670 1511 3735; x_wconf 71' lang='lat' dir='ltr'><strong>figuris]</strong></span> <span class='ocrx_word' id='word_1_211' title='bbox 1528 3672 1632 3721; x_wconf 85' lang='lat' dir='ltr'><strong>Ta·</strong></span> <span class='ocrx_word' id='word_1_212' title='bbox 1778 3678 1874 3724; x_wconf 82' lang='grc'><strong>688</strong></span> <span class='ocrx_word' id='word_1_213' title='bbox 1908 3674 2111 3735; x_wconf 62' lang='lat' dir='ltr'><strong>Pugile:</strong></span> <span class='ocrx_word' id='word_1_214' title='bbox 2128 3674 2206 3722; x_wconf 79' lang='lat' dir='ltr'><strong>vir</strong></span> <span class='ocrx_word' id='word_1_215' title='bbox 2224 3676 2394 3735; x_wconf 72' lang='lat' dir='ltr'><strong>surgat</strong></span> <span class='ocrx_word' id='word_1_216' title='bbox 2409 3673 2462 3721; x_wconf 75' lang='lat' dir='ltr'><strong>ia</strong></span> <span class='ocrx_word' id='word_1_217' title='bbox 2479 3674 2651 3737; x_wconf 74' lang='lat' dir='ltr'><strong>annos]</strong></span> <span class='ocrx_word' id='word_1_218' title='bbox 2691 3688 2768 3725; x_wconf 81' lang='lat' dir='ltr'><strong>w.</strong></span> 
     </span>
     <span class='ocr_line' id='line_1_33' title="bbox 571 3744 2769 3813; baseline 0.003 -20"><span class='ocrx_word' id='word_1_219' title='bbox 571 3744 698 3794; x_wconf 85' lang='lat' dir='ltr'><strong>lium</strong></span> <span class='ocrx_word' id='word_1_220' title='bbox 718 3744 947 3809; x_wconf 82' lang='lat' dir='ltr'><strong>benigna</strong></span> <span class='ocrx_word' id='word_1_221' title='bbox 974 3759 1123 3807; x_wconf 77' lang='lat' dir='ltr'><strong>seges</strong></span> <span class='ocrx_word' id='word_1_222' title='bbox 1158 3744 1295 3810; x_wconf 84' lang='lat' dir='ltr'><strong>apud</strong></span> <span class='ocrx_word' id='word_1_223' title='bbox 1328 3746 1548 3809; x_wconf 84' lang='lat' dir='ltr'><strong>Livium,</strong></span> <span class='ocrx_word' id='word_1_224' title='bbox 1578 3748 1631 3796; x_wconf 88' lang='lat' dir='ltr'><strong>iu</strong></span> <span class='ocrx_word' id='word_1_225' title='bbox 1663 3806 1668 3811; x_wconf 24' lang='grc'>1</span> <span class='ocrx_word' id='word_1_226' title='bbox 1713 3753 1796 3798; x_wconf 72' lang='lat'><strong>82.</strong></span> <span class='ocrx_word' id='word_1_227' title='bbox 1839 3748 1989 3809; x_wconf 72' lang='grc' dir='ltr'><strong><em>ἀκμὴν</em></strong></span> <span class='ocrx_word' id='word_1_228' title='bbox 2031 3754 2088 3797; x_wconf 85' lang='lat' dir='ltr'><strong>et</strong></span> <span class='ocrx_word' id='word_1_229' title='bbox 2128 3747 2190 3796; x_wconf 73' lang='grc' dir='ltr'><strong>τὸ</strong></span> <span class='ocrx_word' id='word_1_230' title='bbox 2228 3748 2466 3798; x_wconf 49' lang='lat' dir='ltr'><strong>marafim</strong></span> <span class='ocrx_word' id='word_1_231' title='bbox 2501 3748 2769 3813; x_wconf 81' lang='lat' dir='ltr'><strong>intelligit,</strong></span> 
     </span>
     <span class='ocr_line' id='line_1_34' title="bbox 576 3819 2766 3887; baseline 0.002 -18"><span class='ocrx_word' id='word_1_232' title='bbox 576 3833 822 3869; x_wconf 84' lang='lat' dir='ltr'><strong>annorum</strong></span> <span class='ocrx_word' id='word_1_233' title='bbox 864 3820 1126 3883; x_wconf 78' lang='lat' dir='ltr'><strong>auspiciis.</strong></span> <span class='ocrx_word' id='word_1_234' title='bbox 1190 3819 1347 3885; x_wconf 84' lang='lat' dir='ltr'><strong>Vide,</strong></span> <span class='ocrx_word' id='word_1_235' title='bbox 1382 3822 1425 3871; x_wconf 79' lang='lat' dir='ltr'><strong>si</strong></span> <span class='ocrx_word' id='word_1_236' title='bbox 1461 3820 1630 3884; x_wconf 86' lang='lat' dir='ltr'><strong>lubet,</strong></span> <span class='ocrx_word' id='word_1_237' title='bbox 1713 3832 1827 3873; x_wconf 84' lang='lat' dir='ltr'><strong>erat</strong></span> <span class='ocrx_word' id='word_1_238' title='bbox 1849 3825 1983 3874; x_wconf 85' lang='lat' dir='ltr'><strong>enim</strong></span> <span class='ocrx_word' id='word_1_239' title='bbox 2005 3823 2175 3885; x_wconf 75' lang='grc' dir='ltr'><strong>ἐφῆλιε</strong></span> <span class='ocrx_word' id='word_1_240' title='bbox 2210 3824 2509 3887; x_wconf 78' lang='lat' dir='ltr'><strong>pistriculus</strong></span> <span class='ocrx_word' id='word_1_241' title='bbox 2543 3839 2691 3887; x_wconf 80' lang='lat' dir='ltr'><strong>puer,</strong></span> <span class='ocrx_word' id='word_1_242' title='bbox 2709 3834 2766 3874; x_wconf 87' lang='lat' dir='ltr'><strong>nt</strong></span> 
     </span>
     <span class='ocr_line' id='line_1_35' title="bbox 560 3894 2770 3969; baseline 0.002 -27"><span class='ocrx_word' id='word_1_243' title='bbox 560 3894 717 3969; x_wconf 26' lang='lat' dir='ltr'><strong>*apud</strong></span> <span class='ocrx_word' id='word_1_244' title='bbox 761 3895 1027 3945; x_wconf 82' lang='lat' dir='ltr'><strong>Lucanum</strong></span> <span class='ocrx_word' id='word_1_245' title='bbox 1073 3909 1111 3943; x_wconf 90' lang='lat'><strong>1.</strong></span> <span class='ocrx_word' id='word_1_246' title='bbox 1167 3895 1407 3945; x_wconf 84' lang='lat' dir='ltr'><strong>Cointnm</strong></span> <span class='ocrx_word' id='word_1_247' title='bbox 1434 3909 1538 3947; x_wconf 71' lang='grc' dir='ltr'><strong>ιιι.</strong></span> <span class='ocrx_word' id='word_1_248' title='bbox 1575 3912 1629 3961; x_wconf 87' lang='lat' dir='ltr'><strong>p.</strong></span> <span class='ocrx_word' id='word_1_249' title='bbox 1709 3898 1996 3962; x_wconf 74' lang='lat' dir='ltr'><strong>Cyprianus</strong></span> <span class='ocrx_word' id='word_1_250' title='bbox 2015 3906 2070 3947; x_wconf 86' lang='lat' dir='ltr'><strong>et</strong></span> <span class='ocrx_word' id='word_1_251' title='bbox 2085 3897 2346 3948; x_wconf 77' lang='lat' dir='ltr'><strong>Arnobias</strong></span> <span class='ocrx_word' id='word_1_252' title='bbox 2367 3900 2508 3964; x_wconf 86' lang='lat' dir='ltr'><strong>loqui</strong></span> <span class='ocrx_word' id='word_1_253' title='bbox 2524 3898 2770 3962; x_wconf 71' lang='lat' dir='ltr'><strong>gaudent,</strong></span> 
     </span>
     <span class='ocr_line' id='line_1_36' title="bbox 576 3970 2770 4038; baseline 0.003 -21"><span class='ocrx_word' id='word_1_254' title='bbox 576 3972 691 4019; x_wconf 77' lang='grc'>622.</span> <span class='ocrx_word' id='word_1_255' title='bbox 718 3970 908 4032; x_wconf 86' lang='lat' dir='ltr'><strong>Papin.</strong></span> <span class='ocrx_word' id='word_1_256' title='bbox 928 3984 1031 4020; x_wconf 81' lang='lat' dir='ltr'><strong>vu.</strong></span> <span class='ocrx_word' id='word_1_257' title='bbox 1063 3970 1220 4021; x_wconf 83' lang='lat' dir='ltr'><strong>Theb.</strong></span> <span class='ocrx_word' id='word_1_258' title='bbox 1243 3970 1387 4036; x_wconf 76' lang='lat' dir='ltr'><strong>virg.</strong></span> <span class='ocrx_word' id='word_1_259' title='bbox 1408 3986 1490 4022; x_wconf 72' lang='grc' dir='ltr'><strong>ιν.</strong></span> <span class='ocrx_word' id='word_1_260' title='bbox 1512 3974 1625 4024; x_wconf 81' lang='lat' dir='ltr'><strong>AEn.</strong></span> <span class='ocrx_word' id='word_1_261' title='bbox 1706 3974 1793 4036; x_wconf 86' lang='lat' dir='ltr'><strong>qui</strong></span> <span class='ocrx_word' id='word_1_262' title='bbox 1814 3972 2036 4021; x_wconf 88' lang='lat' dir='ltr'><strong>nondum</strong></span> <span class='ocrx_word' id='word_1_263' title='bbox 2059 3973 2126 4023; x_wconf 81' lang='lat' dir='ltr'><strong>ad</strong></span> <span class='ocrx_word' id='word_1_264' title='bbox 2148 3972 2288 4023; x_wconf 80' lang='lat' dir='ltr'><strong>freta</strong></span> <span class='ocrx_word' id='word_1_265' title='bbox 2310 3974 2499 4031; x_wconf 68' lang='lat' dir='ltr'><strong>aetatis,</strong></span> <span class='ocrx_word' id='word_1_266' title='bbox 2519 3982 2577 4023; x_wconf 87' lang='lat' dir='ltr'><strong>ut</strong></span> <span class='ocrx_word' id='word_1_267' title='bbox 2603 3975 2770 4038; x_wconf 81' lang='lat' dir='ltr'><strong>loqui·</strong></span> 
     </span>
    </p>

    <p class='ocr_par' dir='ltr' id='par_1_22' title="bbox 558 4044 2764 4266">
     <span class='ocr_line' id='line_1_37' title="bbox 640 4044 2764 4113; baseline 0.004 -22"><span class='ocrx_word' id='word_1_268' title='bbox 640 4047 736 4091; x_wconf 81' lang='grc'><strong>667</strong></span> <span class='ocrx_word' id='word_1_269' title='bbox 772 4044 955 4093; x_wconf 79' lang='lat' dir='ltr'><strong>Sudore</strong></span> <span class='ocrx_word' id='word_1_270' title='bbox 967 4046 1202 4111; x_wconf 76' lang='lat' dir='ltr'><strong>Deorum]</strong></span> <span class='ocrx_word' id='word_1_271' title='bbox 1227 4046 1362 4097; x_wconf 79' lang='lat' dir='ltr'><strong>Vide</strong></span> <span class='ocrx_word' id='word_1_272' title='bbox 1377 4044 1557 4097; x_wconf 85' lang='lat' dir='ltr'><strong>Silium</strong></span> <span class='ocrx_word' id='word_1_273' title='bbox 1582 4063 1623 4099; x_wconf 85' lang='lat' dir='ltr'><strong>r.</strong></span> <span class='ocrx_word' id='word_1_274' title='bbox 1706 4054 1792 4096; x_wconf 82' lang='lat' dir='ltr'><strong>tur</strong></span> <span class='ocrx_word' id='word_1_275' title='bbox 1813 4048 2104 4111; x_wconf 77' lang='lat' dir='ltr'><strong>Lucretius,</strong></span> <span class='ocrx_word' id='word_1_276' title='bbox 2133 4058 2462 4113; x_wconf 82' lang='lat' dir='ltr'><strong>pervenerat.</strong></span> <span class='ocrx_word' id='word_1_277' title='bbox 2530 4051 2764 4100; x_wconf 82' lang='lat' dir='ltr'><strong>Eandem</strong></span> 
     </span>
     <span class='ocr_line' id='line_1_38' title="bbox 558 4116 2762 4199; baseline 0.005 -36"><span class='ocrx_word' id='word_1_278' title='bbox 558 4121 636 4199; x_wconf 73' lang='lat' dir='ltr'><strong>⁸et</strong></span> <span class='ocrx_word' id='word_1_279' title='bbox 654 4116 923 4167; x_wconf 83' lang='lat' dir='ltr'><strong>Heinsinm</strong></span> <span class='ocrx_word' id='word_1_280' title='bbox 945 4133 991 4182; x_wconf 87' lang='lat' dir='ltr'><strong>p.</strong></span> <span class='ocrx_word' id='word_1_281' title='bbox 1013 4124 1127 4170; x_wconf 73' lang='lat'><strong>332.</strong></span> <span class='ocrx_word' id='word_1_282' title='bbox 1159 4128 1173 4150; x_wconf 79' lang='lat'><strong><em>⁴</em></strong></span> <span class='ocrx_word' id='word_1_283' title='bbox 1193 4124 1265 4171; x_wconf 84' lang='lat' dir='ltr'><strong>Et</strong></span> <span class='ocrx_word' id='word_1_284' title='bbox 1293 4128 1529 4173; x_wconf 81' lang='lat' dir='ltr'><strong>moestnm</strong></span> <span class='ocrx_word' id='word_1_285' title='bbox 1565 4124 1624 4172; x_wconf 88' lang='lat' dir='ltr'><strong>il·</strong></span> <span class='ocrx_word' id='word_1_286' title='bbox 1707 4136 1812 4171; x_wconf 86' lang='lat' dir='ltr'><strong>rem</strong></span> <span class='ocrx_word' id='word_1_287' title='bbox 1827 4124 2251 4189; x_wconf 77' lang='lat' dir='ltr'><strong>circunrloquitnr</strong></span> <span class='ocrx_word' id='word_1_288' title='bbox 2272 4126 2460 4189; x_wconf 86' lang='lat' dir='ltr'><strong>Papin.</strong></span> <span class='ocrx_word' id='word_1_289' title='bbox 2483 4139 2560 4175; x_wconf 74' lang='grc' dir='ltr'><strong>ιν.</strong></span> <span class='ocrx_word' id='word_1_290' title='bbox 2593 4128 2762 4176; x_wconf 80' lang='lat' dir='ltr'><strong>Theb.</strong></span> 
     </span>
     <span class='ocr_line' id='line_1_39' title="bbox 574 4192 2763 4266; baseline 0.006 -27"><span class='ocrx_word' id='word_1_291' title='bbox 574 4192 831 4253; x_wconf 78' lang='lat' dir='ltr'><strong>lacrymat</strong></span> <span class='ocrx_word' id='word_1_292' title='bbox 872 4196 1084 4257; x_wconf 71' lang='lat' dir='ltr'><strong>templis</strong></span> <span class='ocrx_word' id='word_1_293' title='bbox 1156 4197 1320 4247; x_wconf 86' lang='lat' dir='ltr'><strong>ebur.’</strong></span> <span class='ocrx_word' id='word_1_294' title='bbox 1384 4197 1532 4261; x_wconf 79' lang='lat' dir='ltr'><strong>virg.</strong></span> <span class='ocrx_word' id='word_1_295' title='bbox 1583 4212 1624 4247; x_wconf 85' lang='lat' dir='ltr'><strong>r.</strong></span> <span class='ocrx_word' id='word_1_296' title='bbox 1706 4200 1722 4227; x_wconf 88' lang='lat'>‘</span> <span class='ocrx_word' id='word_1_297' title='bbox 1741 4199 1859 4250; x_wconf 73' lang='lat' dir='ltr'><strong>‘Nec</strong></span> <span class='ocrx_word' id='word_1_298' title='bbox 1881 4201 2069 4252; x_wconf 80' lang='lat' dir='ltr'><strong>desunt</strong></span> <span class='ocrx_word' id='word_1_299' title='bbox 2094 4202 2266 4266; x_wconf 84' lang='lat' dir='ltr'><strong>animi,</strong></span> <span class='ocrx_word' id='word_1_300' title='bbox 2287 4205 2464 4254; x_wconf 81' lang='lat' dir='ltr'><strong>veniat</strong></span> <span class='ocrx_word' id='word_1_301' title='bbox 2485 4204 2640 4255; x_wconf 85' lang='lat' dir='ltr'><strong>modo</strong></span> <span class='ocrx_word' id='word_1_302' title='bbox 2661 4206 2763 4255; x_wconf 81' lang='lat' dir='ltr'><strong>for-</strong></span> 
     </span>
    </p>
   </div>
  </div>
 </body>
</html>
