<?xml version="1.0" encoding="UTF-8"?>
<!DOCTYPE html PUBLIC "-//W3C//DTD XHTML 1.0 Transitional//EN"
    "http://www.w3.org/TR/xhtml1/DTD/xhtml1-transitional.dtd">
<html xmlns="http://www.w3.org/1999/xhtml" xml:lang="en" lang="en">
 <head>
  <title>
</title>
<meta http-equiv="Content-Type" content="text/html;charset=utf-8" />
  <meta name='ocr-system' content='tesseract 3.04.00' />
  <meta name='ocr-capabilities' content='ocr_page ocr_carea ocr_par ocr_line ocrx_word'/>
</head>
<body>
  <div class='ocr_page' id='page_1' title='image "./dictyscretensis01dresgoog_0181.png"; bbox 0 0 3173 4957; ppageno 0'>
   <div class='ocr_carea' id='block_1_1' title="bbox 975 368 2602 435">
    <p class='ocr_par' dir='ltr' id='par_1_1' title="bbox 975 368 2602 435">
     <span class='ocr_line' id='line_1_1' title="bbox 975 368 2602 435; baseline 0.002 -6"><span class='ocrx_word' id='word_1_1' title='bbox 975 382 1073 429; x_wconf 68' lang='grc' dir='ltr'><strong>ως</strong></span> <span class='ocrx_word' id='word_1_2' title='bbox 1124 380 1363 429; x_wconf 66' lang='lat' dir='ltr'><strong>nanno</strong></span> <span class='ocrx_word' id='word_1_3' title='bbox 1408 372 1752 428; x_wconf 69' lang='lat' dir='ltr'><strong>raossuo</strong></span> <span class='ocrx_word' id='word_1_4' title='bbox 1799 382 1944 430; x_wconf 74' lang='lat' dir='ltr'><strong>mn.</strong></span> <span class='ocrx_word' id='word_1_5' title='bbox 1994 384 2061 430; x_wconf 88' lang='lat' dir='ltr'><strong>v.</strong></span> <span class='ocrx_word' id='word_1_6' title='bbox 2471 368 2602 435; x_wconf 78' lang='lat'><strong>523</strong></span> 
     </span>
    </p>
   </div>
   <div class='ocr_carea' id='block_1_2' title="bbox 415 537 2601 1125">
    <p class='ocr_par' dir='ltr' id='par_1_2' title="bbox 416 537 2601 911">
     <span class='ocr_line' id='line_1_2' title="bbox 416 537 2294 625; baseline -0.003 -13"><span class='ocrx_word' id='word_1_7' title='bbox 416 543 689 613; x_wconf 86' lang='lat' dir='ltr'><strong>Occidit</strong></span> <span class='ocrx_word' id='word_1_8' title='bbox 716 542 845 607; x_wconf 90' lang='lat' dir='ltr'><strong>heu</strong></span> <span class='ocrx_word' id='word_1_9' title='bbox 882 558 1039 625; x_wconf 85' lang='lat' dir='ltr'><strong>spes</strong></span> <span class='ocrx_word' id='word_1_10' title='bbox 1066 560 1205 605; x_wconf 89' lang='lat' dir='ltr'><strong>una</strong></span> <span class='ocrx_word' id='word_1_11' title='bbox 1232 538 1594 623; x_wconf 83' lang='lat' dir='ltr'><strong>Phrygum,</strong></span> <span class='ocrx_word' id='word_1_12' title='bbox 1627 537 2004 603; x_wconf 83' lang='lat' dir='ltr'><strong>Mavortius</strong></span> <span class='ocrx_word' id='word_1_13' title='bbox 2042 539 2294 606; x_wconf 85' lang='lat' dir='ltr'>Hector</span> 
     </span>
     <span class='ocr_line' id='line_1_3' title="bbox 420 639 2383 721; baseline -0.005 -10"><span class='ocrx_word' id='word_1_14' title='bbox 420 645 713 721; x_wconf 81' lang='lat' dir='ltr'><strong>Occidit,</strong></span> <span class='ocrx_word' id='word_1_15' title='bbox 743 649 1017 707; x_wconf 75' lang='lat' dir='ltr'><strong>aeternos</strong></span> <span class='ocrx_word' id='word_1_16' title='bbox 1045 641 1156 705; x_wconf 90' lang='lat' dir='ltr'><strong>cui</strong></span> <span class='ocrx_word' id='word_1_17' title='bbox 1185 640 1242 703; x_wconf 85' lang='lat' dir='ltr'><strong>si</strong></span> <span class='ocrx_word' id='word_1_18' title='bbox 1268 644 1509 703; x_wconf 87' lang='lat' dir='ltr'><strong>natura</strong></span> <span class='ocrx_word' id='word_1_19' title='bbox 1536 639 1834 705; x_wconf 79' lang='lat' dir='ltr'><strong>dedisset</strong></span> <span class='ocrx_word' id='word_1_20' title='bbox 2369 690 2383 708; x_wconf 72' lang='lat'><em>,</em></span> 
     </span>
     <span class='ocr_line' id='line_1_4' title="bbox 421 739 2601 827; baseline -0.001 -18"><span class='ocrx_word' id='word_1_21' title='bbox 421 746 653 823; x_wconf 79' lang='lat' dir='ltr'><strong>ArtuS‚</strong></span> <span class='ocrx_word' id='word_1_22' title='bbox 682 744 832 827; x_wconf 77' lang='lat' dir='ltr'><strong>ipse</strong></span> <span class='ocrx_word' id='word_1_23' title='bbox 857 761 1015 807; x_wconf 84' lang='lat' dir='ltr'><strong>suos</strong></span> <span class='ocrx_word' id='word_1_24' title='bbox 1035 740 1445 825; x_wconf 79' lang='lat' dir='ltr'><strong>jaculandus</strong></span> <span class='ocrx_word' id='word_1_25' title='bbox 1475 739 1740 823; x_wconf 85' lang='lat' dir='ltr'><strong>Jupiter</strong></span> <span class='ocrx_word' id='word_1_26' title='bbox 1773 740 1962 822; x_wconf 62' lang='lat' dir='ltr'><strong>ignee</strong></span> <span class='ocrx_word' id='word_1_27' title='bbox 2470 742 2601 807; x_wconf 80' lang='lat'><strong>525</strong></span> 
     </span>
     <span class='ocr_line' id='line_1_5' title="bbox 426 840 1957 911; baseline -0.003 0"><span class='ocrx_word' id='word_1_28' title='bbox 426 846 585 911; x_wconf 88' lang='lat' dir='ltr'><strong>Otia</strong></span> <span class='ocrx_word' id='word_1_29' title='bbox 614 848 945 909; x_wconf 88' lang='lat' dir='ltr'><strong>tracturus</strong></span> <span class='ocrx_word' id='word_1_30' title='bbox 976 843 1145 907; x_wconf 90' lang='lat' dir='ltr'><strong>ultro</strong></span> <span class='ocrx_word' id='word_1_31' title='bbox 1167 842 1573 907; x_wconf 81' lang='lat' dir='ltr'><strong>mandasset.</strong></span> <span class='ocrx_word' id='word_1_32' title='bbox 1650 840 1745 905; x_wconf 85' lang='lat' dir='ltr'><strong>At</strong></span> <span class='ocrx_word' id='word_1_33' title='bbox 1772 842 1957 907; x_wconf 91' lang='lat' dir='ltr'><strong>illum</strong></span> 
     </span>
    </p>

    <p class='ocr_par' dir='ltr' id='par_1_3' title="bbox 415 941 1827 1031">
     <span class='ocr_line' id='line_1_6' title="bbox 415 941 1827 1031; baseline -0.004 -20"><span class='ocrx_word' id='word_1_34' title='bbox 415 946 727 1031; x_wconf 87' lang='lat' dir='ltr'><strong>Imperiis</strong></span> <span class='ocrx_word' id='word_1_35' title='bbox 752 964 1021 1009; x_wconf 83' lang='lat' dir='ltr'><strong>sensere</strong></span> <span class='ocrx_word' id='word_1_36' title='bbox 1043 944 1185 1009; x_wconf 82' lang='lat' dir='ltr'><strong>suis</strong></span> <span class='ocrx_word' id='word_1_37' title='bbox 1218 943 1541 1005; x_wconf 84' lang='lat' dir='ltr'><strong>obsistere</strong></span> <span class='ocrx_word' id='word_1_38' title='bbox 1565 941 1827 1017; x_wconf 71' lang='lat' dir='ltr'><strong>Parcae,</strong></span> 
     </span>
    </p>

    <p class='ocr_par' dir='ltr' id='par_1_4' title="bbox 416 1042 1933 1125">
     <span class='ocr_line' id='line_1_7' title="bbox 416 1042 1933 1125; baseline -0.005 -12"><span class='ocrx_word' id='word_1_39' title='bbox 416 1050 723 1124; x_wconf 89' lang='lat' dir='ltr'><strong>Sensere,</strong></span> <span class='ocrx_word' id='word_1_40' title='bbox 754 1051 823 1110; x_wconf 86' lang='lat' dir='ltr'><strong>et</strong></span> <span class='ocrx_word' id='word_1_41' title='bbox 846 1044 1079 1109; x_wconf 86' lang='lat' dir='ltr'><strong>viridis</strong></span> <span class='ocrx_word' id='word_1_42' title='bbox 1105 1044 1475 1109; x_wconf 85' lang='lat' dir='ltr'><strong>crescentia</strong></span> <span class='ocrx_word' id='word_1_43' title='bbox 1503 1043 1615 1106; x_wconf 84' lang='lat' dir='ltr'><strong>fila</strong></span> <span class='ocrx_word' id='word_1_44' title='bbox 1633 1042 1933 1125; x_wconf 85' lang='lat' dir='ltr'><strong>juventae</strong></span> 
     </span>
    </p>
   </div>
   <div class='ocr_carea' id='block_1_3' title="bbox 416 1130 2601 1331">
    <p class='ocr_par' dir='ltr' id='par_1_5' title="bbox 416 1130 2601 1331">
     <span class='ocr_line' id='line_1_8' title="bbox 417 1130 2230 1234; baseline -0.008 -19"><span class='ocrx_word' id='word_1_45' title='bbox 417 1149 981 1229; x_wconf 60' lang='lat' dir='ltr'><strong>(leuata-sapuere</strong></span> <span class='ocrx_word' id='word_1_46' title='bbox 1012 1165 1233 1223; x_wconf 89' lang='lat' dir='ltr'><strong>manu,</strong></span> <span class='ocrx_word' id='word_1_47' title='bbox 1258 1149 1473 1208; x_wconf 87' lang='lat' dir='ltr'><strong>tutore</strong></span> <span class='ocrx_word' id='word_1_48' title='bbox 1502 1150 1805 1225; x_wconf 88' lang='lat' dir='ltr'><strong>peremto</strong></span> <span class='ocrx_word' id='word_1_49' title='bbox 1945 1130 2230 1234; x_wconf 44' lang='lat' dir='ltr'><strong>mee&amp;</strong></span> 
     </span>
     <span class='ocr_line' id='line_1_9' title="bbox 416 1244 2601 1331; baseline -0.002 -18"><span class='ocrx_word' id='word_1_50' title='bbox 416 1248 719 1315; x_wconf 81' lang='lat' dir='ltr'><strong>Facturae</strong></span> <span class='ocrx_word' id='word_1_51' title='bbox 752 1247 1111 1331; x_wconf 83' lang='lat' dir='ltr'><strong>Phrygiam</strong></span> <span class='ocrx_word' id='word_1_52' title='bbox 1140 1245 1330 1311; x_wconf 90' lang='lat' dir='ltr'><strong>licito</strong></span> <span class='ocrx_word' id='word_1_53' title='bbox 1356 1244 1607 1328; x_wconf 83' lang='lat' dir='ltr'><strong>majore</strong></span> <span class='ocrx_word' id='word_1_54' title='bbox 1636 1244 1914 1309; x_wconf 87' lang='lat' dir='ltr'><strong>ruinam.</strong></span> <span class='ocrx_word' id='word_1_55' title='bbox 2471 1244 2601 1309; x_wconf 85' lang='lat'><strong>530</strong></span> 
     </span>
    </p>
   </div>
   <div class='ocr_carea' id='block_1_4' title="bbox 1395 1470 1613 1522">
    <p class='ocr_par' dir='ltr' id='par_1_6' title="bbox 1395 1470 1613 1522">
     <span class='ocr_line' id='line_1_10' title="bbox 1395 1470 1613 1522; baseline 0.005 -1"><span class='ocrx_word' id='word_1_56' title='bbox 1395 1470 1613 1522; x_wconf 80' lang='lat' dir='ltr'><strong>No&#39;rAE</strong></span> 
     </span>
    </p>
   </div>
   <div class='ocr_carea' id='block_1_5' title="bbox 408 1580 2602 2552">
    <p class='ocr_par' dir='ltr' id='par_1_7' title="bbox 408 1580 2602 2478">
     <span class='ocr_line' id='line_1_11' title="bbox 479 1580 2600 1648; baseline -0.001 -13"><span class='ocrx_word' id='word_1_57' title='bbox 479 1590 575 1635; x_wconf 75' lang='lat'><strong>529</strong></span> <span class='ocrx_word' id='word_1_58' title='bbox 608 1586 780 1635; x_wconf 67' lang='lat' dir='ltr'><strong>Tutore</strong></span> <span class='ocrx_word' id='word_1_59' title='bbox 811 1591 1017 1648; x_wconf 76' lang='lat' dir='ltr'><strong>peremto</strong></span> <span class='ocrx_word' id='word_1_60' title='bbox 1052 1585 1275 1634; x_wconf 68' lang='lat' dir='ltr'><strong>Facturoe</strong></span> <span class='ocrx_word' id='word_1_61' title='bbox 1300 1582 1463 1647; x_wconf 74' lang='lat' dir='ltr'><strong>Phry·</strong></span> <span class='ocrx_word' id='word_1_62' title='bbox 1538 1584 1884 1642; x_wconf 68' lang='grc' dir='ltr'><strong>Ἐπαμινωνδου</strong></span> <span class='ocrx_word' id='word_1_63' title='bbox 1907 1580 2088 1642; x_wconf 75' lang='grc' dir='ltr'><strong><em>σόματι</em></strong></span> <span class='ocrx_word' id='word_1_64' title='bbox 2107 1580 2336 1646; x_wconf 69' lang='grc' dir='ltr'><strong>συνέθαψε</strong></span> <span class='ocrx_word' id='word_1_65' title='bbox 2355 1583 2445 1641; x_wconf 74' lang='grc' dir='ltr'><strong>τὴν</strong></span> <span class='ocrx_word' id='word_1_66' title='bbox 2465 1581 2600 1633; x_wconf 72' lang='grc' dir='ltr'><strong><em>δύνα-</em></strong></span> 
     </span>
     <span class='ocr_line' id='line_1_12' title="bbox 408 1657 2602 1723; baseline -0.001 -12"><span class='ocrx_word' id='word_1_67' title='bbox 408 1662 543 1721; x_wconf 77' lang='lat' dir='ltr'><strong>giam</strong></span> <span class='ocrx_word' id='word_1_68' title='bbox 574 1662 707 1711; x_wconf 75' lang='lat' dir='ltr'><strong>licito</strong></span> <span class='ocrx_word' id='word_1_69' title='bbox 738 1660 914 1721; x_wconf 61' lang='lat' dir='ltr'><strong>sunjon-e</strong></span> <span class='ocrx_word' id='word_1_70' title='bbox 934 1660 1144 1723; x_wconf 73' lang='lat' dir='ltr'><strong>ruinam]</strong></span> <span class='ocrx_word' id='word_1_71' title='bbox 1182 1660 1378 1707; x_wconf 79' lang='lat' dir='ltr'><strong>Fuerat</strong></span> <span class='ocrx_word' id='word_1_72' title='bbox 1410 1672 1463 1707; x_wconf 87' lang='lat' dir='ltr'><strong>e·</strong></span> <span class='ocrx_word' id='word_1_73' title='bbox 1537 1675 1619 1719; x_wconf 81' lang='grc' dir='ltr'><strong>μιν</strong></span> <span class='ocrx_word' id='word_1_74' title='bbox 1651 1662 1750 1708; x_wconf 70' lang='grc' dir='ltr'><strong>τῶν</strong></span> <span class='ocrx_word' id='word_1_75' title='bbox 1781 1657 2004 1717; x_wconf 73' lang='grc' dir='ltr'><strong>Θηβαίων</strong></span> <span class='ocrx_word' id='word_1_76' title='bbox 2038 1659 2066 1707; x_wconf 78' lang='grc' dir='ltr'><strong><em>ὀ</em></strong></span> <span class='ocrx_word' id='word_1_77' title='bbox 2086 1658 2258 1723; x_wconf 73' lang='grc' dir='ltr'><strong><em>καιρός.</em></strong></span> <span class='ocrx_word' id='word_1_78' title='bbox 2325 1659 2602 1710; x_wconf 85' lang='lat' dir='ltr'><strong>Prudentii</strong></span> 
     </span>
     <span class='ocr_line' id='line_1_13' title="bbox 413 1733 2601 1798; baseline -0 -13"><span class='ocrx_word' id='word_1_79' title='bbox 413 1738 537 1798; x_wconf 88' lang='lat' dir='ltr'><strong>nim,</strong></span> <span class='ocrx_word' id='word_1_80' title='bbox 567 1742 626 1785; x_wconf 86' lang='lat' dir='ltr'><strong>nt</strong></span> <span class='ocrx_word' id='word_1_81' title='bbox 650 1750 767 1785; x_wconf 86' lang='lat' dir='ltr'><strong>cum</strong></span> <span class='ocrx_word' id='word_1_82' title='bbox 804 1735 1023 1798; x_wconf 76' lang='lat' dir='ltr'><strong>Virgilio</strong></span> <span class='ocrx_word' id='word_1_83' title='bbox 1064 1735 1264 1797; x_wconf 82' lang='lat' dir='ltr'><strong>loquar,</strong></span> <span class='ocrx_word' id='word_1_84' title='bbox 1302 1733 1466 1781; x_wconf 86' lang='lat' dir='ltr'><strong>nodus</strong></span> <span class='ocrx_word' id='word_1_85' title='bbox 1542 1749 1645 1783; x_wconf 84' lang='lat' dir='ltr'><strong>non</strong></span> <span class='ocrx_word' id='word_1_86' title='bbox 1667 1742 1752 1785; x_wconf 87' lang='lat' dir='ltr'><strong>est</strong></span> <span class='ocrx_word' id='word_1_87' title='bbox 1781 1734 2016 1783; x_wconf 75' lang='lat' dir='ltr'><strong>absimile</strong></span> <span class='ocrx_word' id='word_1_88' title='bbox 2055 1734 2105 1783; x_wconf 83' lang='lat' dir='ltr'><strong>in</strong></span> <span class='ocrx_word' id='word_1_89' title='bbox 2141 1733 2312 1797; x_wconf 75' lang='grc' dir='ltr'><strong><em>ἂμαρτ.</em></strong></span> <span class='ocrx_word' id='word_1_90' title='bbox 2374 1736 2601 1785; x_wconf 86' lang='lat' dir='ltr'><strong>‘Osten-</strong></span> 
     </span>
     <span class='ocr_line' id='line_1_14' title="bbox 412 1808 2600 1872; baseline -0.001 -12"><span class='ocrx_word' id='word_1_91' title='bbox 412 1818 468 1861; x_wconf 88' lang='lat' dir='ltr'><strong>et</strong></span> <span class='ocrx_word' id='word_1_92' title='bbox 491 1822 629 1863; x_wconf 76' lang='lat' dir='ltr'><strong>mora</strong></span> <span class='ocrx_word' id='word_1_93' title='bbox 651 1812 803 1860; x_wconf 70' lang='lat' dir='ltr'><strong>belliz</strong></span> <span class='ocrx_word' id='word_1_94' title='bbox 841 1810 961 1859; x_wconf 91' lang='lat' dir='ltr'><strong>inde</strong></span> <span class='ocrx_word' id='word_1_95' title='bbox 984 1810 1137 1857; x_wconf 82' lang='lat' dir='ltr'><strong>Caius</strong></span> <span class='ocrx_word' id='word_1_96' title='bbox 1179 1809 1288 1857; x_wconf 86' lang='lat' dir='ltr'><strong>Silo</strong></span> <span class='ocrx_word' id='word_1_97' title='bbox 1329 1808 1469 1871; x_wconf 87' lang='lat' dir='ltr'><strong>apud</strong></span> <span class='ocrx_word' id='word_1_98' title='bbox 1546 1816 1878 1872; x_wconf 68' lang='lat' dir='ltr'><strong>tatque0suos</strong></span> <span class='ocrx_word' id='word_1_99' title='bbox 1921 1808 2067 1859; x_wconf 85' lang='lat' dir='ltr'><strong>licito</strong></span> <span class='ocrx_word' id='word_1_100' title='bbox 2102 1808 2389 1871; x_wconf 81' lang='lat' dir='ltr'><strong>jactantius</strong></span> <span class='ocrx_word' id='word_1_101' title='bbox 2421 1809 2600 1872; x_wconf 61' lang='lat' dir='ltr'><strong>ignes?</strong></span> 
     </span>
     <span class='ocr_line' id='line_1_15' title="bbox 412 1882 2602 1947; baseline -0.001 -11"><span class='ocrx_word' id='word_1_102' title='bbox 412 1888 667 1936; x_wconf 83' lang='lat' dir='ltr'><strong>Senecam</strong></span> <span class='ocrx_word' id='word_1_103' title='bbox 725 1900 767 1935; x_wconf 86' lang='lat'><strong>1.</strong></span> <span class='ocrx_word' id='word_1_104' title='bbox 822 1886 1151 1933; x_wconf 79' lang='lat' dir='ltr'><strong>Controvers.</strong></span> <span class='ocrx_word' id='word_1_105' title='bbox 1187 1888 1238 1931; x_wconf 74' lang='lat'><strong>2.</strong></span> <span class='ocrx_word' id='word_1_106' title='bbox 1304 1889 1320 1912; x_wconf 77' lang='lat'><strong><em>⁴</em></strong></span> <span class='ocrx_word' id='word_1_107' title='bbox 1361 1882 1466 1943; x_wconf 87' lang='lat' dir='ltr'><strong>Ite,</strong></span> <span class='ocrx_word' id='word_1_108' title='bbox 1550 1882 1792 1945; x_wconf 75' lang='lat' dir='ltr'><strong>Hyginus</strong></span> <span class='ocrx_word' id='word_1_109' title='bbox 1820 1882 2016 1937; x_wconf 87' lang='lat' dir='ltr'><strong>scribit,</strong></span> <span class='ocrx_word' id='word_1_110' title='bbox 2040 1896 2156 1931; x_wconf 85' lang='lat' dir='ltr'><strong>eum</strong></span> <span class='ocrx_word' id='word_1_111' title='bbox 2181 1883 2466 1933; x_wconf 77' lang='lat' dir='ltr'><strong>Hectorem</strong></span> <span class='ocrx_word' id='word_1_112' title='bbox 2484 1898 2602 1947; x_wconf 84' lang='lat' dir='ltr'><strong>rap-</strong></span> 
     </span>
     <span class='ocr_line' id='line_1_16' title="bbox 410 1955 2602 2031; baseline -0.001 -20"><span class='ocrx_word' id='word_1_113' title='bbox 410 1963 574 2025; x_wconf 77' lang='lat' dir='ltr'><strong>agite,</strong></span> <span class='ocrx_word' id='word_1_114' title='bbox 606 1976 638 2009; x_wconf 89' lang='lat' dir='ltr'><strong>o</strong></span> <span class='ocrx_word' id='word_1_115' title='bbox 671 1959 865 2019; x_wconf 86' lang='lat' dir='ltr'><strong>Danai,</strong></span> <span class='ocrx_word' id='word_1_116' title='bbox 898 1973 1137 2021; x_wconf 77' lang='lat' dir='ltr'><strong>maguum</strong></span> <span class='ocrx_word' id='word_1_117' title='bbox 1165 1960 1357 2007; x_wconf 74' lang='lat' dir='ltr'><strong>Poeana</strong></span> <span class='ocrx_word' id='word_1_118' title='bbox 1383 1972 1466 2007; x_wconf 87' lang='lat' dir='ltr'><strong>ca·</strong></span> <span class='ocrx_word' id='word_1_119' title='bbox 1546 1964 1706 2015; x_wconf 76' lang='lat' dir='ltr'><strong>taret,</strong></span> <span class='ocrx_word' id='word_1_120' title='bbox 1742 1957 2056 2031; x_wconf 75' lang='lat' dir='ltr'><strong>exclamasse</strong></span> <span class='ocrx_word' id='word_1_121' title='bbox 2088 1955 2362 2021; x_wconf 84' lang='lat' dir='ltr'><strong>Achillem,</strong></span> <span class='ocrx_word' id='word_1_122' title='bbox 2393 1959 2602 2023; x_wconf 77' lang='lat' dir='ltr'><strong>Expug-</strong></span> 
     </span>
     <span class='ocr_line' id='line_1_17' title="bbox 409 2031 2601 2098; baseline -0.002 -12"><span class='ocrx_word' id='word_1_123' title='bbox 409 2047 623 2087; x_wconf 83' lang='lat' dir='ltr'><strong>uentes:</strong></span> <span class='ocrx_word' id='word_1_124' title='bbox 660 2036 742 2085; x_wconf 90' lang='lat' dir='ltr'><strong>Ite</strong></span> <span class='ocrx_word' id='word_1_125' title='bbox 785 2036 1182 2098; x_wconf 80' lang='lat' dir='ltr'><strong>triumphantes,</strong></span> <span class='ocrx_word' id='word_1_126' title='bbox 1201 2034 1323 2082; x_wconf 88' lang='lat' dir='ltr'><strong>belli</strong></span> <span class='ocrx_word' id='word_1_127' title='bbox 1362 2049 1467 2083; x_wconf 90' lang='lat' dir='ltr'><strong>mo·</strong></span> <span class='ocrx_word' id='word_1_128' title='bbox 1544 2032 1664 2081; x_wconf 83' lang='lat' dir='ltr'><strong>navi</strong></span> <span class='ocrx_word' id='word_1_129' title='bbox 1689 2032 1916 2093; x_wconf 83' lang='lat' dir='ltr'><strong>Trojam.</strong></span> <span class='ocrx_word' id='word_1_130' title='bbox 1983 2031 2042 2080; x_wconf 86' lang='lat' dir='ltr'><strong>C.</strong></span> <span class='ocrx_word' id='word_1_131' title='bbox 2079 2031 2340 2094; x_wconf 72' lang='lat' dir='ltr'><strong>Fimbriae,</strong></span> <span class='ocrx_word' id='word_1_132' title='bbox 2358 2048 2473 2082; x_wconf 89' lang='lat' dir='ltr'><strong>cum</strong></span> <span class='ocrx_word' id='word_1_133' title='bbox 2507 2048 2601 2082; x_wconf 85' lang='lat' dir='ltr'><strong>un·</strong></span> 
     </span>
     <span class='ocr_line' id='line_1_18' title="bbox 412 2104 2598 2169; baseline -0.004 -4"><span class='ocrx_word' id='word_1_134' title='bbox 412 2130 471 2165; x_wconf 84' lang='lat' dir='ltr'><strong>ra</strong></span> <span class='ocrx_word' id='word_1_135' title='bbox 500 2112 730 2163; x_wconf 87' lang='lat' dir='ltr'><strong>concidit</strong></span> <span class='ocrx_word' id='word_1_136' title='bbox 756 2111 991 2161; x_wconf 67' lang='lat' dir='ltr'><strong>Hector!</strong></span> <span class='ocrx_word' id='word_1_137' title='bbox 1057 2111 1205 2160; x_wconf 85' lang='lat' dir='ltr'><strong>Dixit</strong></span> <span class='ocrx_word' id='word_1_138' title='bbox 1230 2124 1353 2159; x_wconf 83' lang='lat' dir='ltr'><strong>vero</strong></span> <span class='ocrx_word' id='word_1_139' title='bbox 1377 2110 1467 2161; x_wconf 85' lang='lat' dir='ltr'><strong>illa</strong></span> <span class='ocrx_word' id='word_1_140' title='bbox 1545 2106 1714 2156; x_wconf 86' lang='lat' dir='ltr'><strong>decim</strong></span> <span class='ocrx_word' id='word_1_141' title='bbox 1775 2104 1954 2154; x_wconf 86' lang='lat' dir='ltr'><strong>diebus</strong></span> <span class='ocrx_word' id='word_1_142' title='bbox 2009 2113 2360 2169; x_wconf 73' lang='lat' dir='ltr'><strong>expugnasset</strong></span> <span class='ocrx_word' id='word_1_143' title='bbox 2429 2107 2598 2164; x_wconf 87' lang='lat' dir='ltr'><strong>Ilium,</strong></span> 
     </span>
     <span class='ocr_line' id='line_1_19' title="bbox 412 2182 2596 2252; baseline -0.002 -12"><span class='ocrx_word' id='word_1_144' title='bbox 412 2191 479 2240; x_wconf 82' lang='lat' dir='ltr'><strong>ad</strong></span> <span class='ocrx_word' id='word_1_145' title='bbox 512 2186 849 2237; x_wconf 80' lang='lat' dir='ltr'><strong>imitationem</strong></span> <span class='ocrx_word' id='word_1_146' title='bbox 882 2186 1123 2237; x_wconf 76' lang='lat' dir='ltr'><strong>Horatiiz</strong></span> <span class='ocrx_word' id='word_1_147' title='bbox 1156 2188 1172 2215; x_wconf 91' lang='lat'>‘</span> <span class='ocrx_word' id='word_1_148' title='bbox 1196 2192 1251 2234; x_wconf 83' lang='lat' dir='ltr'><strong>et</strong></span> <span class='ocrx_word' id='word_1_149' title='bbox 1287 2186 1457 2235; x_wconf 86' lang='lat' dir='ltr'><strong>adem·</strong></span> <span class='ocrx_word' id='word_1_150' title='bbox 1538 2187 1676 2252; x_wconf 85' lang='lat' dir='ltr'><strong>quod</strong></span> <span class='ocrx_word' id='word_1_151' title='bbox 1699 2184 1874 2237; x_wconf 71' lang='lat' dir='ltr'><strong>Graeci</strong></span> <span class='ocrx_word' id='word_1_152' title='bbox 1895 2183 2078 2236; x_wconf 86' lang='lat' dir='ltr'><strong>decem</strong></span> <span class='ocrx_word' id='word_1_153' title='bbox 2101 2182 2270 2247; x_wconf 86' lang='lat' dir='ltr'><strong>anuis,</strong></span> <span class='ocrx_word' id='word_1_154' title='bbox 2291 2184 2448 2248; x_wconf 85' lang='lat' dir='ltr'><strong>idque</strong></span> <span class='ocrx_word' id='word_1_155' title='bbox 2476 2185 2596 2248; x_wconf 76' lang='lat' dir='ltr'><strong>jae·</strong></span> 
     </span>
     <span class='ocr_line' id='line_1_20' title="bbox 414 2259 2597 2323; baseline -0.004 -7"><span class='ocrx_word' id='word_1_156' title='bbox 414 2275 495 2316; x_wconf 79' lang='lat' dir='ltr'><strong>tus</strong></span> <span class='ocrx_word' id='word_1_157' title='bbox 510 2265 709 2314; x_wconf 87' lang='lat' dir='ltr'><strong>Hector</strong></span> <span class='ocrx_word' id='word_1_158' title='bbox 726 2261 961 2311; x_wconf 77' lang='lat' dir='ltr'><strong>Tradidit</strong></span> <span class='ocrx_word' id='word_1_159' title='bbox 982 2260 1129 2310; x_wconf 84' lang='lat' dir='ltr'><strong>fessis</strong></span> <span class='ocrx_word' id='word_1_160' title='bbox 1148 2261 1341 2309; x_wconf 80' lang='lat' dir='ltr'><strong>leviora</strong></span> <span class='ocrx_word' id='word_1_161' title='bbox 1361 2261 1458 2308; x_wconf 88' lang='lat' dir='ltr'><strong>tol·</strong></span> <span class='ocrx_word' id='word_1_162' title='bbox 1539 2270 1703 2323; x_wconf 85' lang='lat' dir='ltr'><strong>taret,</strong></span> <span class='ocrx_word' id='word_1_163' title='bbox 1749 2260 1954 2323; x_wconf 81' lang='lat' dir='ltr'><strong>quidam</strong></span> <span class='ocrx_word' id='word_1_164' title='bbox 1991 2259 2120 2309; x_wconf 88' lang='lat' dir='ltr'><strong>scite</strong></span> <span class='ocrx_word' id='word_1_165' title='bbox 2167 2260 2438 2323; x_wconf 82' lang='lat' dir='ltr'><strong>respondit</strong></span> <span class='ocrx_word' id='word_1_166' title='bbox 2461 2277 2477 2309; x_wconf 83' lang='lat'><strong>:-</strong></span> <span class='ocrx_word' id='word_1_167' title='bbox 2541 2261 2597 2309; x_wconf 74' lang='grc' dir='ltr'><strong>οὔ</strong></span> 
     </span>
     <span class='ocr_line' id='line_1_21' title="bbox 414 2332 2598 2402; baseline -0.001 -12"><span class='ocrx_word' id='word_1_168' title='bbox 414 2341 452 2390; x_wconf 86' lang='lat' dir='ltr'><strong>li</strong></span> <span class='ocrx_word' id='word_1_169' title='bbox 492 2341 749 2402; x_wconf 84' lang='lat' dir='ltr'><strong>Pergama</strong></span> <span class='ocrx_word' id='word_1_170' title='bbox 786 2336 999 2387; x_wconf 59' lang='lat' dir='ltr'><strong>Graiis)</strong></span> <span class='ocrx_word' id='word_1_171' title='bbox 1062 2335 1244 2384; x_wconf 86' lang='lat' dir='ltr'><strong>Manil.</strong></span> <span class='ocrx_word' id='word_1_172' title='bbox 1283 2333 1457 2384; x_wconf 83' lang='lat' dir='ltr'><strong>‘facili</strong></span> <span class='ocrx_word' id='word_1_173' title='bbox 1538 2336 1634 2399; x_wconf 73' lang='grc' dir='ltr'><strong>γὰρ</strong></span> <span class='ocrx_word' id='word_1_174' title='bbox 1685 2334 1743 2394; x_wconf 79' lang='grc' dir='ltr'><strong>ἦν</strong></span> <span class='ocrx_word' id='word_1_175' title='bbox 1768 2332 1956 2396; x_wconf 77' lang='grc' dir='ltr'>Ἕκτωρ</span> <span class='ocrx_word' id='word_1_176' title='bbox 1977 2335 2264 2397; x_wconf 74' lang='grc' dir='ltr'><strong><em>ὑπερμαχῶν</em></strong></span> <span class='ocrx_word' id='word_1_177' title='bbox 2282 2337 2370 2396; x_wconf 73' lang='grc' dir='ltr'><strong>τῆς</strong></span> <span class='ocrx_word' id='word_1_178' title='bbox 2401 2334 2598 2387; x_wconf 74' lang='grc' dir='ltr'><strong>πόλεως.</strong></span> 
     </span>
     <span class='ocr_line' id='line_1_22' title="bbox 414 2406 2022 2478; baseline -0.002 -15"><span class='ocrx_word' id='word_1_179' title='bbox 414 2418 708 2478; x_wconf 81' lang='lat' dir='ltr'><strong>victamque</strong></span> <span class='ocrx_word' id='word_1_180' title='bbox 763 2412 853 2460; x_wconf 87' lang='lat' dir='ltr'><strong>sub</strong></span> <span class='ocrx_word' id='word_1_181' title='bbox 933 2410 1168 2460; x_wconf 82' lang='lat' dir='ltr'><strong>Hectore</strong></span> <span class='ocrx_word' id='word_1_182' title='bbox 1215 2406 1463 2470; x_wconf 68' lang='lat' dir='ltr'><strong>&#39;frojam-⁹</strong></span> <span class='ocrx_word' id='word_1_183' title='bbox 1547 2409 1734 2460; x_wconf 82' lang='lat' dir='ltr'><strong>Strabo</strong></span> <span class='ocrx_word' id='word_1_184' title='bbox 1755 2411 2022 2460; x_wconf 67' lang='lat' dir='ltr'><strong>xuwiot).</strong></span> 
     </span>
    </p>

    <p class='ocr_par' dir='ltr' id='par_1_8' title="bbox 416 2485 1469 2552">
     <span class='ocr_line' id='line_1_23' title="bbox 416 2485 1469 2552; baseline -0.011 -8"><span class='ocrx_word' id='word_1_185' title='bbox 416 2491 500 2544; x_wconf 85' lang='lat' dir='ltr'><strong>Ita</strong></span> <span class='ocrx_word' id='word_1_186' title='bbox 522 2490 784 2542; x_wconf 84' lang='lat' dir='ltr'><strong>Demades</strong></span> <span class='ocrx_word' id='word_1_187' title='bbox 805 2487 1057 2539; x_wconf 85' lang='lat' dir='ltr'><strong>Oratione</strong></span> <span class='ocrx_word' id='word_1_188' title='bbox 1078 2501 1169 2536; x_wconf 85' lang='lat' dir='ltr'><strong>sua</strong></span> <span class='ocrx_word' id='word_1_189' title='bbox 1193 2500 1243 2552; x_wconf 81' lang='lat' dir='ltr'><strong>p.</strong></span> <span class='ocrx_word' id='word_1_190' title='bbox 1264 2489 1375 2536; x_wconf 81' lang='lat'><strong>18⁰.</strong></span> <span class='ocrx_word' id='word_1_191' title='bbox 1396 2485 1469 2547; x_wconf 68' lang='grc' dir='ltr'><strong>τῷ·</strong></span> 
     </span>
    </p>
   </div>
  </div>
 </body>
</html>
