3173 4957
574 390 726 467 378,

1355 404 1667 453 Josm’m
1716 404 1967 453 iscam

580 551 656 613 Si
683 568 896 613 rerum
911 549 1122 633 justis
1153 549 1458 614 metimur
1487 550 1791 632 partibus
1820 568 2039 625 usum,

579 651 792 715 Omne
823 650 1074 714 homini
1105 670 1448 715 commune
1479 651 1725 727 solum,
1754 650 1873 714 sed
1894 649 2051 733 jura
2078 668 2353 733 perosus

578 751 861 816 Publica
885 751 1226 833 sacrilegis
1255 758 1562 814 naturam
1594 751 1909 817 barbarus
1939 752 2123 814 ausis

581 851 941 928 Contrahit,
971 859 1038 916 et
1065 852 1375 935 proprios
1406 852 1769 935 Phrygiam
1794 851 2128 933 phariscat
2155 851 2219 913 in
2245 870 2429 915 usus,

2633 850 2761 915 125

666 951 728 1016 Ο
759 952 948 1017 Asiae
980 955 1283 1037 pollentis
1315 955 1525 1036 opes!
1578 953 1641 1018 Ο
1674 954 1998 1034 Pergama
2023 953 2183 1016 nulli

583 1052 982 1136 Tranquillo
1011 1073 1287 1118 cessura
1318 1055 1507 1119 Deo!
1549 1055 1644 1118 nil
1674 1055 1839 1119 dura
1868 1072 2165 1118 sororum

583 1154 796 1233 Licia,
821 1155 984 1219 nihil
1015 1155 1248 1238 Superi
1277 1167 1605 1238 peccant3
1651 1175 1809 1238 gens
1840 1155 2062 1220 incola
2084 1155 2297 1221 satum

583 1257 751 1338 Ipsa
773 1255 958 1333 facit,
989 1255 1166 1321 coelo
1198 1256 1526 1339 Phrygius
1557 1263 1867 1341 parcente
1894 1265 2177 1322 meretur

583 1356 900 1434 Exilium,
935 1357 1226 1437 gladioS,
1255 1358 1590 1423 incendia.

1681 1357 1973 1423 Pellitur
2002 1357 2209 1437 Argo,

2636 1356 2765 1420 130

583 1456 1066 1541 Armatumque
1095 1458 1141 1522 J
1144 1478 1335 1522 ovem
1365 1459 1609 1523 mediis
1640 1465 1880 1523 exorat
1901 1460 1971 1522 in
2000 1459 2222 1522 undis,

583 1559 681 1623 At
712 1560 937 1623 Danai
965 1560 1246 1641 flagrant
1277 1562 1514 1623 animis
1546 1562 1979 1643 poscentibus
2010 1580 2192 1625 arma

585 1658 744 1747 Quo
776 1660 949 1742 rapit
975 1660 1076 1723 ira
1103 1660 1318 1743 sequi,
1351 1660 1715 1745 gladioque
1744 1661 1959 1726 ultore
1994 1662 2369 1745 pudendam

591 1760 931 1825 Excusare
962 1762 1189 1843 fugam
1217 1782 1234 1827 t
1287 1770 1544 1842 contra,
1578 1763 1952 1847 prudentia,
1984 1764 2197 1827 turbae

1572 1947 1620 1997 N
1630 1946 1789 1998 0¹1·AE

653 2054 745 2099 128
765 2052 914 2100 Omne
926 2053 1104 2101 homini
1118 2068 1355 2105 commune
1367 2057 1536 2120 solum]
1556 2057 1637 2107 Ex

585 2125 674 2174 illo
691 2126 879 2188 Papin.
901 2127 1062 2175 Theb.
1089 2141 1214 2179 vm.
1246 2132 1261 2158 ‘
1284 2132 1452 2179 Omne
1477 2132 1635 2181 homi-

586 2202 638 2250 ni
660 2203 828 2251 natale
858 2204 1053 2254 solum.³
1106 2206 1462 2266 Κοσμοπολῖταί
1477 2209 1641 2269 ἐσμεν,

586 2276 764 2340 ὄφελον
799 2277 850 2328 δὲ
883 2279 1259 2343 obponi-ovonem.
1313 2286 1434 2332 Seu.
1470 2285 1636 2347 Epist.

587 2359 670 2404 18.
705 2362 719 2385 ‘
749 2356 864 2423 Non
885 2370 995 2403 sum
1019 2359 1105 2405 nni
1133 2359 1316 2420 angulo
1340 2365 1521 2407 natus:
1548 2374 1635 2422 pa-

589 2431 690 2480 tria
709 2446 822 2480 mea
849 2436 986 2480 totus
1008 2432 1089 2481 hic
1113 2432 1474 2483 est'mundus.’
1530 2432 1639 2483 Ho-

588 2516 689 2558 rat.
731 2514 746 2536 ‘
772 2509 908 2568 Nam
955 2509 1173 2572 propriae
1219 2510 1418 2559 telluris
1461 2510 1639 2560 herum

589 2591 775 2632 natura
813 2597 984 2646 neque
1027 2584 1190 2645 illum,
1235 2585 1350 2634 Nec
1396 2600 1495 2646 me,
1541 2600 1639 2636 nee

591 2672 880 2722 quenquam
913 2657 1132 2707 statuit.’
1209 2659 1406 2708 Plutar.
1440 2661 1639 2722 prolixe

589 2735 654 2782 de
685 2734 854 2782 Exilio
891 2737 1033 2783 1069.
1099 2733 1360 2794 Euripidis
1383 2740 1438 2783 et
1465 2733 1642 2784 Ovidii

589 2808 734 2858 dicta
775 2818 898 2858 nota
931 2816 1068 2857 suut.
1150 2808 1320 2856 coint.
1359 2810 1560 2871 Smyrn.
1602 2823 1642 2858 1.

591 2883 850 2946 Παραλείπ.
871 2882 1018 2934 Ξννὸν
1038 2884 1078 2930 δ’
1101 2880 1161 2931 αὖ
1179 2881 1412 2931 πάντεσσι
1428 2882 1548 2944 φάος
1563 2883 1643 2932 καὶ

589 2957 795 3018 »fixuras
816 2957 919 3021 ἀήρ.
987 2957 1120 3006 Vide
1153 2957 1422 3006 Philonem
1457 2959 1510 3006 iu
1538 2958 1641 3008 fine

536 3032 541 3037 ’
593 3034 680 3082 lib.
719 3034 784 3082 de
823 3032 1118 3082 Cherubim.
1159 3036 1241 3082 99.
1280 3033 1406 3081 item
1449 3032 1539 3082 lib.
1575 3033 1642 3083 de

593 3110 906 3172 agricultura
931 3112 1041 3156 153.

661 3188 752 3234 125
788 3185 1015 3245 Proprius
1039 3182 1303 3246 Phrygiam
1333 3183 1572 3246 phuriscat
1592 3185 1647 3234 in

589 3258 726 3324 usus]
765 3259 1028 3308 Adesdum
1055 3259 1322 3324 Hercules,
1365 3267 1379 3289 ‘
1398 3263 1480 3310 cui
1505 3276 1647 3311 mon-

593 3345 702 3387 stra
720 3337 916 3399 potenti
943 3336 1212 3386 Debentur
1232 3336 1518 3401 'frangenda
1541 3355 1646 3390 ma·

593 3414 716 3462 nul'
743 3412 865 3478 quid
903 3411 1026 3460 illud
1057 3413 1340 3475 phariscat?
1383 3416 1503 3478 lego
1540 3431 1649 3464 con-

577 3489 742 3553 fluat,
783 3488 943 3537 verbo
978 3489 1115 3552 quod
1147 3490 1398 3538 Suetonio
1421 3498 1475 3540 et
1501 3491 1650 3540 Floro

595 3571 923 3628 usurpatumz
953 3565 1075 3628 qnid
1103 3579 1224 3613 vero
1241 3565 1396 3629 fiscus
1421 3567 1649 3629 proprie,

596 3639 714 3688 vide
750 3639 976 3689 Nonium
1018 3640 1336 3695 Marcellum,
1369 3648 1422 3689 et
1455 3639 1645 3690 Ascon.

597 3715 878 3763 Pediauum
898 3715 948 3762 in
975 3719 1022 3764 2.
1059 3715 1183 3763 Ver.
1210 3714 1334 3766 Ant.
1359 3715 1578 3778 August.
1594 3717 1644 3764 in

597 3791 828 3851 Festum,
872 3789 1114 3854 Suffiscus.
1192 3789 1444 3852 Isidorus,
1499 3795 1514 3818 ⁴
1540 3791 1647 3838 Fis-

595 3875 688 3912 cus·
707 3873 790 3913 est
811 3879 989 3914 saccus
1014 3865 1284 3928 publicus!
1332 3865 1452 3914 Seu.
1477 3866 1645 3929 Epist.

598 3942 710 3986 119.
735 3945 749 3966 ‘
776 3940 883 3999 Ego
904 3953 1200 4001 paraveram
1219 3937 1403 4000 fiscos,’
1421 3939 1488 3988 de
1505 3955 1645 3988 scor-

599 4022 684 4060 teo
709 4014 872 4074 privo.
940 4015 1280 4078 Glossarium,
1313 4015 1527 4080 confi-sco,
1561 4034 1671 4072 τοι»

597 4087 738 4147 μιέυω
781 4087 977 4151 δημέυω,
1020 4088 1260 4150 repleveris
1293 4091 1501 4154 fist-atio,
1541 4107 1649 4155 pm·

600 4163 812 4224 scriptio,
827 4165 1082 4226 ταμιοῦχος
1101 4165 1391 4230 confiscator.
1429 4166 1543 4215 Erit
1561 4167 1647 4215 hic

596 4235 1156 4304 confiscut,18mote2rm,
1189 4242 1286 4297 vel,
1323 4249 1381 4291 ut
1412 4232 1566 4292 Plato
1594 4251 1649 4292 et

1716 2058 2009 2121 Xenophon
2028 2059 2324 2123 loquuntur,
2338 2057 2616 2123 σφετερίζει.
2634 2073 2768 2107 com-

1717 2135 1886 2183 munia
1910 2134 1960 2181 iu
1984 2150 2128 2183 suum
2149 2149 2293 2183 usum
2313 2136 2485 2193 vertit,
2501 2135 2585 2198 qui
2608 2134 2768 2184 Arist.

1718 2220 1771 2256 v.
1805 2208 1867 2255 de
1901 2208 2061 2258 Polit.
2093 2214 2175 2257 est
2203 2208 2529 2272 σφενεριστής.
2594 2209 2769 2257 Talem

1716 2282 1964 2331 describit
2000 2284 2319 2332 Prudentius
2357 2286 2407 2332 in
2442 2283 2620 2347 ψύχομ.
2654 2286 2669 2312 ‘
2684 2284 2771 2347 ju·

1721 2365 1808 2407 vat
1829 2356 2069 2407 infercire
2094 2360 2347 2407 crumenis
2362 2362 2532 2421 Turpe
2557 2361 2771 2418 lucrum,

1720 2438 1777 2484 et
1806 2433 2047 2496 gravidos
2083 2432 2242 2484 furcis
2264 2435 2561 2486 distendere
2585 2432 2773 2489 fiscos!

1723 2507 1862 2561 Quid
1898 2509 1941 2557 si
1973 2511 2113 2571 legat
2144 2510 2257 2572 quis
2280 2510 2519 2560 variseat?
2594 2511 2771 2559 Varum

1720 2585 1857 2632 enim
1875 2592 1956 2633 est
1974 2598 2181 2632 curvum
2197 2600 2211 2644 ;
2237 2585 2357 2633 inde
2374 2585 2569 2646 varices,
2588 2585 2744 2633 υανὲσα
2757 2599 2773 2632 .·

1731 2657 1869 2707 Vibia
1888 2673 2049 2706 varam
2072 2659 2304 2722 sequitur,
2335 2660 2402 2709 de
2439 2675 2539 2723 quo
2566 2673 2772 2722 prover-

1724 2733 1807 2781 bio
1828 2733 2063 2795 Scaliger
2084 2737 2146 2782 ad
2171 2734 2469 2784 Ausonium.
2519 2737 2685 2785 Varro
2712 2749 2774 2786 11.

1723 2806 1801 2855 De
1828 2822 1881 2856 re
1904 2809 2124 2856 rustica:
2148 2809 2163 2836 ‘
2182 2810 2415 2858 cruribus
2436 2811 2591 2857 rectis
2607 2815 2663 2858 et
2686 2825 2776 2876 po-

1724 2883 1824 2931 tius
1850 2884 2004 2946 varis,
2028 2898 2181 2946 quam
2206 2884 2405 2946 valgis?
2438 2885 2584 2934 Idem
2608 2887 2623 2914 ‘
2646 2887 2777 2934 vari-

1722 2956 1811 3006 co’
1837 2959 1871 3007 l.
1888 2971 1967 3007 iv.
1990 2959 2045 3008 L.
2062 2959 2117 3006 1..
2166 2960 2387 3009 Ennius:
2414 2964 2429 2991 ‘
2446 2961 2669 3010 consiliis
2688 2963 2779 3010 ob·

1726 3042 1922 3096 varani,
1940 3034 2124 3097 quibus
2145 3041 2313 3084 tamen
2333 3037 2575 3086 concedit
2592 3037 2675 3086 hic
2692 3051 2776 3087 or-

1722 3108 1827 3160 do.'
1888 3110 1989 3158 Sed
2014 3118 2118 3159 tum
2153 3112 2386 3175 analogia
2419 3119 2659 3175 posceret
2692 3129 2776 3162 va·

1722 3186 1876 3242 riseit,
1916 3186 1995 3235 vel
2025 3188 2247 3238 carescit.
2313 3189 2617 3239 Iuclroativa
2638 3189 2774 3239 enim

1726 3262 1895 3310 omnia
1916 3263 2053 3311 tertii
2076 3263 2287 3324 ordinis,
2302 3271 2361 3314 ut
2380 3273 2615 3314 statuunt
2636 3266 2778 3314 Pris-

1728 3337 1922 3393 cianus,
1949 3338 2244 3400 Diomedes,
2268 3345 2322 3388 et
2340 3340 2623 3403 Sosipater.

1796 3417 1889 3460 128
1928 3413 2058 3460 Gens
2096 3413 2246 3462 incola
2277 3416 2445 3475 sutum
2489 3416 2603 3478 Ipsa
2619 3416 2777 3479 facit]

1731 3486 1976 3535 Adversa».
2032 3487 2249 3538 fortunae
2303 3491 2401 3538 sibi
2461 3489 2606 3539 faber
2672 3499 2776 3542 est.

1729 3561 1889 3610 Ovio.
1938 3561 2160 3612 Halieut.
2211 3571 2225 3594 ‘
2247 3566 2352 3614 Suo
2390 3574 2637 3629 properat
2678 3567 2778 3618 sibi

1730 3638 1914 3686 robore
1937 3637 2139 3688 fatum!

1792 3716 1884 3761 134
1934 3712 2221 3778 Prudentia,
2254 3717 2405 3766 turbae
2447 3731 2562 3766 rara
2601 3719 2775 3782 eomes]

1726 3787 2020 3836 Adductum
2050 3790 2233 3852 Papin.
2262 3792 2426 3841 Theb.
2452 3806 2503 3840 x.
2526 3797 2639 3841 ³84.
2672 3797 2689 3820 ‘
2710 3793 2779 3841 Et

1725 3861 1830 3911 fors
1845 3863 1993 3926 ingen
2002 3864 2135 3913 tibus
2148 3866 2281 3914 ausis
2293 3867 2430 3916 Rara
2442 3865 2649 3915 eomes-¹
2671 3868 2705 3917 J
2710 3869 2781 3919 ul.

1728 3941 1856 3988 Caes.
1883 3954 1936 3988 v.
1970 3940 2035 3989 de
2073 3942 2205 3990 Bell.
2234 3943 2371 3991 Gall.
2404 3944 2421 3971 ⁴
2442 3943 2596 3991 Plebs
2620 3957 2778 4007 prop·

1726 4023 1807 4064 ter
1826 4016 2221 4077 imprudentiam
2239 4019 2537 4081 plerumque
2553 4019 2781 4070 labitur?

1721 4093 1738 4120 ⁸
1756 4093 1903 4140 Mens
1921 4093 2059 4156 vulgi
2080 4094 2286 4142 rationis
2303 4091 2486 4156 inops,’
2501 4094 2663 4143 Prud.
2680 4097 2781 4146 Ea·

1726 4169 1840 4217 dem
1857 4170 2071 4218 Pindari
2090 4169 2365 4232 sententia,
2380 4169 2421 4218 N
2432 4185 2533 4221 em.
2547 4175 2595 4220 7.
2610 4173 2780 4222 Cicer.

1728 4259 1821 4308 pro
1860 4246 2065 4296 Cluent-
2108 4246 2323 4310 Seneca,
2370 4249 2384 4276 ‘
2407 4247 2779 4312 Argumentum
