3173 4957
32 4636 42 4712 -v-tffi-
32 4553 42 4615 ·>—-
32 4422 39 4529 ——-

613 404 744 470 862
1449 423 1554 470 An
1603 422 2028 470 anronnn.

1517 675 1708 740 Idem
1752 677 1901 740 457.

701 809 961 874 Latinis
1012 808 1356 892 Vigornia,
1389 829 1525 892 quo
1557 811 1819 874 nomine
1849 811 2122 894 primuS,
2151 811 2332 894 quod
2375 813 2605 890 sciam,
2637 832 2801 876 usus

617 919 725 975 est
766 909 1108 996 Iosephus
1156 910 1469 990 IscanuS,
1521 913 1643 997 qui
1696 913 1992 979 Cornelii
2036 911 2327 998 Nepotis
2370 914 2632 978 nomine
2676 916 2803 977 cir-

617 1013 992 1091 cumfertur,
1022 1013 1094 1077 in
1121 1013 1229 1077 his
1259 1013 1344 1077 ad
1391 1013 1775 1079 Hubertum
1822 1012 2365 1080 Cantuariensem
2422 1014 2624 1079 Archi
2632 1034 2804 1099 prae-

616 1115 826 1179 sulem
854 1115 1154 1180 versibus
1181 1133 1198 1180 τ

787 1217 866 1282 In
896 1235 1236 1282 numerum
1256 1216 1400 1300 jam
1430 1219 1671 1282 crescit
1698 1219 1946 1283 honor:
1987 1222 2051 1282 te
2077 1218 2273 1283 tertia
2304 1219 2526 1301 poscit

726 1342 734 1350 ’
789 1317 1074 1396 Insula,⁸
1108 1317 1250 1402 jam
1280 1318 1572 1383 meminit
1601 1316 1953 1401 Vigornia,
1984 1317 2227 1387 Cantia
2255 1319 2479 1396 discit,

788 1417 1139 1483 Romanus
1166 1419 1524 1483 meditatur
1551 1439 1749 1502 apex,
1779 1427 1847 1484 et
1874 1421 2193 1502 naufraga
2223 1420 2409 1485 Petri

789 1519 1156 1583 Ductor-um
1187 1520 1256 1584 in
1280 1520 1521 1585 mediis
1553 1527 1870 1605 expectat
1897 1524 2136 1606 cymba
2166 1523 2493 1605 procellis,

963 1733 1276 1818 Raphael
1306 1731 1785 1801 volaterranus
1816 1737 1887 1800 in
1916 1733 2461 1820 Anthropologia.

703 1882 924 1946 Dares
978 1880 1310 1962 Phrygius
1365 1881 1733 1946 historicus
1801 1880 2077 1963 scripsit
2135 1881 2381 1945 bellum
2440 1879 2802 1963 Trojanum

620 1983 878 2062 Graece,
908 1985 978 2046 in
1007 2002 1143 2067 quo
1187 1985 1336 2066 ipse
1385 1984 1715 2061 militavit,
1762 1989 1835 2047 ut
1880 1985 1971 2048 ait
2016 1983 2343 2060 IsidoruS,
2390 1984 2640 2064 primus
2668 1982 2803 2045 fere

616 2085 1097 2161 historicorum,
1148 2085 1264 2166 qni
1315 2084 1581 2148 tandem
1636 2092 1844 2166 capto
1896 2085 2031 2149 Ilio
2076 2105 2226 2148 cum
2271 2083 2635 2147 Antenoris
2662 2081 2817 2146 sac-⁴

617 2185 798 2248 tione
825 2187 1163 2264 remansit,
1213 2187 1449 2251 scribit
1480 2185 1831 2251 Cornelius
1864 2185 2129 2270 Nepos,
2160 2187 2277 2270 qui
2308 2205 2479 2270 opus
2504 2183 2649 2268 ejus
2680 2203 2802 2247 sex

617 2286 807 2350 libris
825 2285 852 2323 ¹²
879 2305 919 2350 e
947 2285 1192 2352 Graeco
1213 2289 1558 2366 convertit,
1590 2286 1970 2370 dicavitque
2002 2288 2249 2372 Crispo
2278 2287 2613 2352 Sallustio.
2721 2293 2726 2297 '

1067 2516 1479 2583 Possevinus
1520 2516 1963 2583 Bibliothecae
2012 2532 2205 2581 xvn.
2250 2518 2357 2581 29.

709 2669 980 2735 Daretis
1029 2670 1302 2753 Phrygii
1333 2670 1416 2735 de
1465 2670 1641 2734 bello
1681 2668 1981 2752 Trojano
2029 2668 2184 2733 libri
2229 2668 2526 2732 feruntur
2568 2686 2609 2731 a
2640 2666 2803 2731 Cor-

619 2771 797 2835 nelio
829 2771 1102 2855 Nepote
1131 2771 1378 2835 Latino
1410 2769 1701 2834 carmine
1740 2769 2037 2834 Heroico
2064 2768 2315 2844 donati,
2354 2767 2470 2830 sed
2498 2768 2804 2847 quisquis

619 2872 732 2935 ille
760 2871 979 2948 fuerit,
1011 2890 1239 2937 versus
1265 2890 1400 2935 nou
1429 2870 1737 2935 videntur
1762 2869 1995 2955 inepti.

708 2970 1031 3036 Claudius
1058 2972 1410 3056 Dasquius
1454 2972 1540 3036 ad
1590 2972 1956 3037 orationem
1983 2966 2226 3032 Basilii
2256 2965 2693 3031 seleuciensis
2722 2968 2805 3032 de

625 3074 802 3147 Elia,
831 3075 1308 3139 commentario
1339 3073 1426 3137 ad
1451 3074 1582 3138 ista
1609 3075 1855 3138 verba:
1884 3067 2313 3153 μανθανέτωσαν
2334 3074 2444 3131 τῶν
2471 3066 2696 3155 ὄμβρων
2712 3072 2805 3132 τὸν

619 3175 872 3261 χορηγὸν
911 3174 1172 3261 ἄβροχῖᾳ
1215 3172 1629 3256 πληττόμενωε
1674 3174 1965 3251 Elatum,
2012 3173 2249 3257 inquit,
2295 3172 2380 3237 ad
2428 3173 2805 3255 exemplum

625 3266 943 3362 perquam
991 3278 1314 3361 ingeniosi
1367 3277 1647 3343 Po'etae:
1714 3277 2112 3346 Nimborum
2158 3277 2475 3358 pincerna
2520 3274 2745 3338 Notus
2786 3293 2803 3337 ε

623 3400 778 3464 quae
809 3388 964 3445 sunt
993 3382 1196 3446 verba
1222 3380 1266 3445 J
1271 3381 1504 3467 osephi
1534 3379 1762 3445 Iscani
1796 3394 1893 3440 lv.
1924 3377 2074 3441 294.

669 3610 1017 3676 Conradus
1041 3610 1536 3677 Rittershusius
1563 3612 1632 3673 in
1654 3606 2139 3673 commentario
2162 3607 2251 3671 ad
2270 3605 2597 3672 Guntheri
2634 3620 2677 3667 ι.
2696 3604 2759 3666 4.

598 3783 604 3791 ·
705 3759 787 3824 In
813 3762 939 3826 hac
968 3760 1302 3826 sententia
1350 3758 1631 3823 delicias
1676 3756 1834 3822 facit
1882 3754 2020 3833 ille,
2064 3756 2369 3839 quisquis
2416 3760 2540 3833 est,
2580 3753 2806 3836 quide

620 3860 802 3925 bello
833 3860 1121 3947 TroJano
1152 3860 1420 3945 scripsit
1447 3856 1714 3944 poema,
1747 3858 1873 3923 sub
1902 3858 2169 3922 nomine
2187 3855 2479 3921 Cornelii
2512 3854 2805 3936 Nepotis

620 3962 793 4025 falso
823 3982 897 4026 se
924 3963 1300 4042 venditanS,
1331 3981 1483 4026 cum
1511 3962 1602 4025 sit
1621 3962 1810 4043 longe
1834 3960 2181 4043 posterior.
2236 3964 2257 3993 ‘
2278 3958 2662 4061 canescant
2689 3956 2803 4019 alii

623 4062 892 4140 mento,’
919 4066 1039 4129 διο.
1123 4064 1378 4131 Versus
1401 4063 1611 4129 habes
1640 4062 1827 4128 initio
1852 4062 2003 4127 libri
2034 4061 2249 4147 primi.

689 4250 714 4275 ⁸
748 4240 975 4306 [agend.
1009 4244 1200 4296 Insula.
1488 4245 1514 4280 ¹²
1543 4245 1647 4297 Sex
1670 4244 1826 4295 libros
1846 4243 2069 4309 Jonephi
2098 4240 2259 4292 nostri
2282 4238 2489 4290 videtur
2510 4239 2738 4289 innuere.
