3173 4957
960 398 1058 444 ΒΕ
1111 397 1348 444 BELLO
1395 398 1739 446 'rao-{Ano
1790 399 1935 448 [AB.
1982 399 2030 446 1.

2457 381 2587 450 381

398 541 712 606 Fluctuat
737 541 1083 622 ambiguus
1105 539 1390 624 TiphyS,
1415 559 1627 624 prope
1655 540 1877 606 littora
1903 547 2169 623 spectat
2192 561 2213 622 ς

397 644 808 726 Suspectam
836 642 1148 706 formidat
1174 641 1467 720 humum,
1495 643 1833 725 discitque
1864 644 2119 721 timere,

399 743 556 820 Quo
579 748 798 807 tutum
831 745 1144 826 sperabat
1173 744 1342 808 iter:
1387 745 1591 809 timor
1618 745 1801 809 elicit
1840 752 2074 809 artem.

399 845 806 909 consultura
832 843 1082 908 vadum
1107 845 1362 908 medias
1391 845 1606 909 minor
1633 846 1825 909 alnus
1852 845 1925 909 in
1954 846 2171 910 undas

398 941 699 1022 Pellitur,
727 955 800 1010 et
827 952 1032 1010 conto
1069 946 1342 1010 metitur
1371 945 1609 1028 judice
1638 952 1936 1029 pontum.

2458 947 2589 1012 1⁷0

398 1047 677 1110 Litteris
705 1045 968 1112 insidiae
998 1052 1362 1129 postquam
1390 1054 1684 1130 patuere,
1716 1055 1957 1112 coacto

398 1146 577 1211 Inter
603 1154 950 1230 utrumque
979 1147 1202 1211 solum
1229 1147 1588 1211 decurrens
1608 1147 1822 1212 limite
1850 1150 2107 1232 puppis

399 1248 584 1316 Arva
604 1249 820 1330 petita
847 1248 1110 1331 premit,
1136 1247 1516 1332 fractasque
1547 1248 1821 1314 offendit
1852 1269 2114 1314 arenas.

486 1349 668 1426 Quid
695 1368 1050 1413 memorem
1081 1348 1424 1413 AEsonidae
1452 1348 1655 1412 duras
1684 1349 2059 1414 incumbere
2089 1349 2275 1433 leges

399 1448 618 1514 AEetae
648 1449 926 1532 imperio
947 1452 977 1514 ‘t
1024 1449 1188 1532 qnid
1215 1451 1468 1514 semina
1485 1449 1679 1532 jacta
1699 1453 1729 1514 ‘t
1776 1451 1935 1534 quid
1966 1451 2201 1516 hostes

2464 1451 2590 1515 175

396 1551 807 1631 Terrigenas,
829 1550 1210 1632 Martisque
1238 1550 1470 1626 boves,
1499 1551 1795 1634 saevique
1826 1551 2164 1616 Draconis

399 1649 742 1715 Excubias
760 1654 790 1715 ‘l
837 1652 1010 1733 igni-s
1039 1652 1266 1717 virtuti
1294 1651 1472 1715 cedit
1503 1661 1570 1716 et
1596 1653 1797 1729 ensis,

398 1752 828 1834 Eripiturque
856 1759 1102 1816 emtum
1131 1771 1388 1816 summo
1416 1752 1797 1818 discrimine
1826 1755 2057 1818 vellus·

399 1851 803 1933 Neptunum
831 1853 1125 1916 sensisse
1161 1857 1398 1934 putes:
1443 1852 1857 1934 fugientibus
1890 1873 2122 1938 oequor

398 1949 628 2015 Altius
657 1953 996 2028 intumuit,
1025 1953 1352 2035 fractique
1382 1955 1446 2016 in
1471 1953 1699 2017 littore
1728 1953 1975 2020 fluctus

1097 2052 1375 2129 Procul,
1403 2072 1446 2117 o
1469 2054 1701 2135 procul
1722 2057 1836 2133 ite,
1868 2055 2170 2138 profani!

396 2053 752 2116 Intonuere
785 2053 1005 2117 simul.

1313 2247 1400 2268 OOC
1407 2250 1431 2268 0·

411 2393 422 2412 ,-
469 2351 558 2396 174
593 2348 762 2396 Moror
784 2347 885 2422 liris.
908 2361 1066 2410 marg.

2462 1953 2591 2018 180

1464 2249 1673 2270 OO‘OOO‘

1400 2495 1447 2543 N
1457 2494 1620 2546 01·AE

465 2624 558 2668 177
595 2620 736 2680 Ignis
764 2622 934 2669 virtuti
953 2621 1078 2669 cedit
1093 2626 1139 2669 et
1160 2621 1307 2683 ensis]
1324 2620 1453 2669 ‘'Or-

399 2704 491 2744 λον
544 2694 775 2755 μέγιστόν
822 2698 954 2745 ἐστιν
991 2694 1022 2754 ἦ
1067 2695 1210 2759 ἀρετὴ
1247 2698 1454 2758 βροτοῖς.

399 2774 548 2823 Stob.
599 2786 749 2823 serm.
787 2786 828 2821 1.
902 2771 1201 2821 Aristotelis
1244 2772 1452 2821 seolior.

399 2848 610 2910 elegans
662 2855 758 2903 est,
825 2847 968 2910 ἀρετὴ
1020 2845 1313 2909 πολύμοχθε,
1353 2850 1452 2895 &c.

401 2923 638 2986 Ovidius,
707 2926 721 2952 ‘
749 2922 894 2972 Invia
953 2922 1132 2972 virtuti
1175 2924 1318 2971 nulla
1371 2930 1456 2972 est

401 2996 519 3045 via.'
555 2997 704 3047 Curt.
766 3006 780 3027 ‘
807 2998 951 3048 Nihil
996 3004 1101 3047 tam
1134 2999 1239 3047 alte
1276 3004 1455 3047 natura

399 3074 688 3135 constituit,
707 3088 809 3138 quo
836 3076 996 3123 virtus
1021 3088 1120 3123 non
1157 3074 1320 3136 possit
1354 3073 1459 3123 eni·

401 3150 478 3199 ti.'
569 3152 718 3201 Unde
781 3151 1042 3201 Hesiodus
1098 3152 1346 3200 virtutem
1401 3152 1453 3199 in

402 3240 530 3289 rupe
555 3242 670 3277 cum
697 3226 956 3275 Simonide
976 3225 1207 3285 locabat,
1235 3225 1454 3275 Coimus

398 3305 452 3351 in
497 3303 678 3352 arbore
715 3301 953 3365 δυσβάτῳ.
996 3303 1160 3351 Clem.
1192 3301 1345 3350 Alex.
1376 3314 1452 3349 tv.

404 3380 510 3427 ἔστι
535 3396 611 3429 τις
629 3377 780 3441 λόγος
807 3376 904 3427 τῶν
922 3379 1099 3443 ἀρετῶν
1119 3376 1262 3426 ναίειν
1278 3378 1452 3436 δυσαμ-

397 3453 566 3510 βάτοις
601 3455 678 3503 ἐπὶ
723 3453 929 3518 πέτραις,
971 3459 1071 3504 διο.
1133 3454 1222 3503 nbi
1263 3453 1452 3502 videsis

399 3530 616 3585 Pindari
640 3537 696 3579 et
732 3531 956 3595 AEschyli
980 3530 1123 3579 dicta
1140 3530 1272 3591 eleg.
1299 3529 1454 3590 μοῖραι

353 3608 358 3613 “
399 3604 498 3667 ’γὰρ
527 3602 739 3665 μείζονες
758 3603 965 3666 μείζονας
985 3603 1148 3670 μοίρας
1179 3602 1453 3665 λαγχάνου-

399 3699 469 3743 σι,
492 3689 551 3731 ut
571 3682 692 3730 inibi
716 3697 831 3731 cum
853 3684 1122 3735 Heraclito
1144 3683 1288 3733 dicit.

471 3762 567 3807 1⁷9
585 3758 858 3819 Neptunum
878 3759 1077 3809 sensisse
1089 3759 1245 3822 putes]
1274 3757 1452 3807 Poetis

399 3834 595 3899 usitata
639 3830 949 3894 στοιχείωσις.
982 3847 1034 3882 v.
1084 3835 1257 3884 ‘Vota
1289 3834 1452 3883 virum

398 3910 622 3959 valuisse
645 3908 831 3975 putes?
856 3923 934 3958 vr.
965 3917 981 3941 ⁶
1001 3910 1220 3959 sensisse
1244 3917 1453 3973 putares

401 3984 756 4050 Con-nipedes?
771 3987 788 4014 ⁴
800 3985 1020 4035 Hostem
1037 3986 1354 4048 Ingemuisse
1367 4000 1460 4049 pu-

401 4062 518 4112 tes.'
562 4062 750 4124 Papiu.
773 4061 934 4112 Theb.
959 4074 1045 4111 ιι.
1078 4067 1093 4089 ⁸
1113 4059 1454 4120 Audisse,ac-

402 4150 706 4205 sensumque
721 4135 908 4200 putes!
927 4136 986 4185 it.
1011 4148 1138 4184 vm.
1151 4134 1322 4197 ‘putes
1335 4149 1446 4183 sen-

401 4206 532 4261 sisse
555 4220 841 4277 repugnant
864 4209 1224 4276 Comipedes.'
1256 4210 1449 4260 Lucan.

1539 2635 1641 2670 vn.
1662 2623 1677 2649 ⁸
1695 2621 2016 2683 Ingemuisse
2038 2628 2187 2683 putes
2210 2620 2457 2684 campos!
2489 2623 2593 2672 Pe·

1535 2698 1731 2746 tronius
1754 2696 1821 2744 de
1846 2696 1995 2744 Bello
2018 2694 2189 2744 Civili.
2233 2698 2249 2724 ⁴
2264 2696 2463 2745 Coelum
2484 2698 2591 2747 illic

1533 2772 1789 2821 cecidisse
1824 2770 2011 2835 putes!
2046 2770 2205 2821 Ovid.
2234 2771 2466 2820 Canaces
2490 2772 2591 2835 Ep.

1532 2849 1550 2876 ⁸
1568 2849 1786 2911 Vagitus
1800 2848 1947 2896 dedit
1966 2847 2053 2894 ille
2077 2847 2250 2909 miser,
2266 2844 2479 2895 sensisse
2504 2861 2595 2909 pu·

1534 2922 1705 2973 teres?
1774 2922 1998 2972 Neronis
2021 2934 2224 2985 quoque
2258 2918 2383 2968 illud
2405 2918 2592 2983 fertur,

1530 3000 1547 3025 ⁸
1571 2998 1666 3047 sub
1692 2998 1840 3047 terris
1860 2996 2088 3046 tonuisse
2110 2993 2297 3058 putes,’
2328 2994 2465 3057 quod
2488 2996 2589 3045 Lu·

1533 3087 1717 3122 canum
1744 3073 1794 3122 ἐν
1816 3072 2111 3135 κοιλιολυσίᾳ
2142 3068 2469 3131 &receptans
2490 3070 2587 3119 ite·

1533 3162 1694 3204 rasse,
1714 3148 1929 3198 Sueten.
1947 3148 1998 3195 in
2022 3146 2181 3209 ipsius
2202 3146 2309 3195 vita
2332 3153 2525 3194 narrat.

1598 3229 1688 3273 181
1713 3226 1907 3287 Procul,
1921 3241 1947 3273 ο
1968 3225 2129 3285 procul
2149 3222 2235 3286 ite,
2254 3222 2463 3285 profani]
2490 3222 2591 3271 Or-

1533 3299 1651 3360 phei
1678 3305 1779 3356 est,
1798 3298 1933 3361 θύρας
1962 3296 2175 3345 ἐπίθεσθε
2198 3295 2441 3353 βεβήλοις.
2475 3296 2592 3345 cal-

1533 3373 1735 3422 limach.
1758 3372 1827 3421 H.
1857 3373 1911 3421 in
1945 3372 2119 3434 Apoll.
2155 3371 2281 3434 ἑκὰς,
2302 3370 2429 3431 ἑκὰς,
2460 3368 2592 3418 ὅστις

1533 3445 1742 3509 ἀλιτρός.
1777 3446 1912 3497 vide
1929 3448 2157 3497 Brisson.
2177 3451 2226 3496 ³.
2252 3446 2435 3509 quibus
2455 3443 2591 3493 adds

1534 3522 1689 3573 Grati
1697 3536 1777 3571 um
1790 3520 2051 3571 devenat.
2061 3522 2076 3546 ‘
2092 3520 2271 3584 procul
2289 3520 2407 3567 hinc
2418 3525 2590 3568 extor-

1529 3601 1673 3652 ribus
1691 3600 1764 3649 ire
1784 3598 1947 3647 Edico
1966 3602 2223 3660 praesente
2243 3593 2398 3643 Deo.’
2431 3594 2591 3658 Chry·

1529 3684 1784 3727 sostomus
1804 3673 1854 3722 in
1873 3672 2015 3722 Pssl.
2038 3675 2149 3721 138.
2180 3670 2269 3719 τὸν
2280 3668 2376 3732 γὰρ
2389 3666 2588 3729 ἀκάθαρ-

1528 3769 1618 3801 τον
1639 3751 1714 3802 καὶ
1738 3750 1951 3810 βέβηλον
1978 3747 2084 3799 οὐδὲ
2104 3747 2323 3805 ἐπιβῆναι
2340 3748 2437 3794 τῶν
2457 3745 2589 3808 ἴερῦν

1528 3828 1795 3894 περιβόλων
1815 3825 1961 3888 θέμις.
2009 3824 2171 3875 Clem.
2193 3822 2349 3872 Alex.
2373 3835 2423 3870 v.
2462 3819 2589 3883 Epi-

1530 3907 1727 3956 daurici
1775 3902 1955 3966 templi
2000 3900 2385 3963 inscriptionem
2430 3896 2586 3947 fnisse

1529 3982 1625 4043 ait,
1652 3978 1797 4041 ἁγνὸν
1818 3977 1913 4041 χρὴ
1944 3978 2071 4031 νηοῖο
2089 3971 2281 4024 fluentius
2302 3971 2434 4023 ἐντὸς
2452 3970 2587 4021 ἰόντα

1518 4056 1764 4117 Ἔμμεναι.
1824 4054 2073 4114 Galenus,
2092 4050 2300 4099 Hor-tat.
2330 4048 2395 4098 ad
2422 4056 2583 4108 artes,

1527 4131 1797 4182 homicidae
1824 4127 2118 4178 Archilochi
2156 4122 2350 4174 dic'tum
2368 4124 2582 4175 scribit:

1530 4206 1762 4259 Μουσάων
1814 4202 2073 4268 θεράποντα
2112 4200 2414 4263 κατέκτανες,
2476 4198 2585 4260 ἔξιθι
