3173 4957
942 441 1037 487 DE
1087 438 1325 489 lim-,Lo
1372 437 1714 498 TROJANO
1764 438 1906 487 mn.
1954 438 2052 486 v1.

2447 417 2584 482 537-

398 583 760 647 Contentus
792 580 1113 646 cecidisse
1139 581 1379 658 virum,
1406 581 1656 663 premit.
1675 581 1940 661 agmina
1969 579 2186 643 victor

398 681 641 745 Cetera
669 680 1072 758 Priamides,
1102 688 1170 745 et
1197 687 1383 745 terna
1410 680 1776 763 tricuspide
1805 681 2002 744 clava

401 783 659 846 Funera
688 783 1073 847 continuat:
1120 781 1339 846 fossos
1370 783 1577 863 gemit
1606 781 1860 846 Astilus
1891 799 2136 856 armos,

400 884 649 948 Pectus
678 883 845 965 ItyS‚
872 901 1287 963 vacuamque
1318 884 1632 947 excussis
1662 883 1866 946 ilibus
1887 882 2121 946 alvum

396 983 840 1068 Antiphates:
885 985 1004 1048 sed
1034 1003 1221 1048 soeva
1239 985 1417 1058 licet,
1440 989 1660 1047 tamen
1687 983 1952 1064 inguine
1980 1001 2316 1065 nunquam

396 1087 683 1149 Inferius
710 1089 1011 1166 grassata
1037 1104 1292 1161 manuS,
1323 1085 1760 1166 tumidusque
1789 1085 2090 1166 superbit

396 1186 784 1269 Poplitibus
812 1186 1013 1251 coesis
1044 1185 1357 1249 humilem
1385 1184 1706 1249 infamare
1736 1183 2184 1265 triumphum.-

478 1287 525 1351 J
526 1307 635 1351 am
659 1288 868 1368 magis
897 1285 1231 1350 ardentem
1259 1292 1492 1349 tenues
1520 1304 1906 1349 consumere
1937 1303 2190 1367 pugnas

2447 1283 2578 1347 270

394 1389 479 1451 In
510 1387 835 1470 populum
866 1387 1091 1462 taedet,
1118 1387 1379 1466 vulgari
1410 1386 1545 1450 tela
1573 1404 1802 1449 cruore

398 1489 770 1552 Immensus
794 1489 1043 1552 violare
1068 1487 1304 1570 pudor,
1333 1507 1455 1550 nec
1482 1507 1774 1569 paupere
1804 1479 2064 1550 fraudat
2092 1519 2100 1526 ·

396 1590 670 1652 Plebem
700 1585 941 1664 anima,
971 1587 1131 1651 furit
1152 1587 1224 1649 in
1241 1587 1515 1670 jugulos
1542 1605 1900 1669 regumque
1932 1585 2320 1665 ducumque

393 1688 655 1766 Acrior,
680 1694 747 1752 et
776 1707 910 1771 qua
938 1690 1125 1752 acies
1153 1689 1363 1770 stipat
1392 1693 1718 1768 gemmata
1745 1687 2081 1759 cohortes,

391 1789 615 1866 Irruit,
643 1789 1055 1869 Atridasque
1085 1790 1342 1864 amboS‚
1372 1788 1493 1851 sed
1526 1788 1792 1870 dispare
1815 1789 1970 1863 telo,

2443 1783 2578 1846 275

393 1891 692 1964 Sauciat‚
720 1888 892 1951 hunc
913 1887 1186 1968 jaculiS,
1214 1886 1401 1950 illum
1436 1887 1644 1950 sude:
1683 1887 1916 1949 tertius
1943 1904 2172 1948 ensem

388 1989 800 2051 Vulnificum
830 2005 1077 2068 passus
1109 1987 1365 2068 plangit
1394 1984 1761 2069 Calydonis
1793 1986 2126 2049 alumnus·

392 2088 551 2152 Hos
582 2106 845 2170 quoque
872 2087 1181 2163 fudisset,
1215 2088 1315 2150 sic
1344 2105 1681 2168 nunquam
1713 2085 1960 2149 debilis
1990 2085 2117 2158 ira,

395 2190 511 2252 Sic
533 2206 829 2270 praesens
858 2206 1118 2269 semper
1142 2187 1389 2250 virtus:
1436 2194 1519 2249 at·
1537 2187 1734 2250 turba
1762 2185 2102 2268 profundo

393 2289 755 2371 Interjecta
784 2304 1048 2370 gravem
1073 2286 1420 2348 frusta-atur
1446 2287 1714 2350 vulnere
1743 2286 2075 2350 dextram.

1370 2481 1426 2541 N
1432 2481 1592 2534 01·AE

392 2598 571 2647 addit:
608 2610 699 2646 sua
727 2610 928 2661 quoque
965 2600 1139 2653 aetate,
1174 2594 1279 2642 tale
1312 2593 1439 2656 quid

390 2672 680 2721 factitatum
717 2672 785 2719 ab
817 2671 893 2726 iis,
926 2670 1015 2733 qui
1052 2670 1259 2719 dorsum
1295 2668 1438 2715 incli-

389 2753 593 2807 nantes,
626 2748 980 2795 conscensuris
1016 2745 1070 2792 in
1107 2758 1266 2806 equos
1290 2749 1440 2792 erant

390 2837 486 2885 pro
527 2820 842 2885 stapedibus,
875 2834 1001 2883 quos
1041 2827 1245 2869 vocant.
1312 2818 1441 2867 Erat
1478 2840 1481 2845 ·

392 2905 567 2946 tamen
597 2897 707 2960 jam
753 2903 873 2945 ante
905 2895 1164 2945 Eustatliii
1196 2895 1439 2943 seculum

389 2988 509 3021 usus
561 2986 737 3023 eorum
792 2970 1213 3020 adminiculorum
1267 2977 1441 3030 notus,

390 3050 573 3113 quibus
611 3048 759 3098 lindie
800 3049 1022 3097 utimur:
1066 3036 1267 3095 faciunt
1304 3045 1440 3093 enim

290 3120 301 3131 '
389 3126 589 3175 illorum
612 3124 921 3174 mentionem
944 3121 1279 3185 antiquissimi
1306 3119 1440 3168 Rab-

390 3202 643 3260 binornm,
674 3206 733 3248 ut
754 3206 807 3248 et
827 3197 949 3247 alibi
969 3194 1245 3246 docemus?
1305 3194 1441 3243 Haee

388 3276 492 3324 ille.
556 3274 725 3325 Poeta
746 3278 919 3323 noster
949 3272 965 3299 ‘
981 3267 1251 3320 scansilia’
1279 3268 1440 3317 nomi·

388 3351 534 3399 navit
556 3350 641 3398 οὐκ
661 3347 896 3409 malxus,
926 3353 985 3395 ut
1007 3346 1217 3393 Lucret.
1242 3357 1293 3392 v.
1320 3343 1336 3370 ‘
1355 3342 1437 3391 In·

388 3425 536 3485 silia,'
559 3428 611 3474 in
630 3425 850 3473 textoria
868 3437 958 3472 re:
984 3422 1055 3470 ita
1076 3420 1293 3479 Plinius,
1317 3423 1332 3446 ‘
1349 3431 1439 3465 sn-

386 3514 483 3549 nus
502 3498 766 3560 scansilis,'
786 3494 1108 3556 κλιμακτικός.
1142 3494 1441 3544 Ammianus

388 3576 727 3625 Marcellinus
742 3587 857 3622 xvi.
871 3580 884 3601 ⁴
901 3574 1065 3621 elatos
1084 3572 1273 3619 vertice
1290 3583 1437 3619 scan-

384 3648 468 3700 sili
492 3648 800 3713 suggestus,’
822 3648 888 3696 de
906 3662 1051 3696 coms
1074 3646 1314 3710 loquitur.
1364 3645 1440 3694 Ut

390 3725 566 3774 Latini
600 3726 615 3751 ⁸
636 3720 857 3781 nexilis,'
890 3722 905 3748 ‘
922 3718 1208 3780 structilis,'
1232 3727 1247 3750 ⁸
1266 3719 1438 3768 tincti-

386 3798 489 3861 lis,'
522 3794 783 3856 ‘textilis,’
820 3802 835 3824 ⁸
856 3795 1077 3855 tactilis:
1110 3794 1128 3822 ⁴
1147 3792 1449 3854 insensilis,'-

387 3882 403 3905 ·
431 3871 661 3935 sessilis,'
716 3878 731 3900 ‘
754 3869 1011 3931 deletilis,’
1051 3876 1067 3899 ⁸
1098 3868 1437 3931 suspen-tilis:

388 3968 505 4017 quai
538 3949 674 4013 apud
696 3947 991 3997 Lucretium
1008 3951 1063 3994 et
1086 3946 1331 3994 Ovidium
1357 3959 1436 3993 re·

387 4027 579 4089 perias.
646 4024 894 4075 Perottus
939 4018 1003 4068 ad
1058 4020 1316 4068 Martialis
1353 4024 1434 4067 06.

389 4101 545 4197 Epig:
564 4098 824 4161 ‘scansile,
846 4109 939 4161 per
960 4094 1098 4161 quod
1117 4094 1323 4144 ascendi
1348 4108 1437 4158 po-

388 4182 549 4303 “23⁴
589 4251 741 4303 Tema
775 4249 1034 4313 tricuspide
1069 4242 1225 4309 clava]
1276 4244 1432 4297 ovid.

1520 2595 1537 2621 ‘
1556 2594 1826 2655 positoque
1851 2595 2137 2657 tricuspide
2161 2596 2304 2644 telo-⁹

1582 2676 1679 2721 267
1705 2673 1878 2721 Tam
1897 2672 2093 2733 ing-uine
2111 2686 2347 2733 nunquam
2364 2670 2575 2729 Inferius

1517 2752 1741 2811 grauata
1759 2748 1947 2809 manus]
1969 2748 2222 2809 Respexit
2244 2746 2308 2795 ad
2333 2746 2437 2805 illa,
2461 2762 2581 2813 quae⁴

1523 2824 1747 2885 Dictys:
1774 2825 1789 2851 ‘
1811 2824 1925 2871 Nec
1949 2823 2182 2872 Patrocli
2211 2829 2411 2870 tantum
2439 2834 2572 2870 mors

1520 2899 1769 2962 gemitum
1791 2897 1934 2946 illum
1949 2898 2148 2946 cunetis
2164 2896 2468 2957 incusserat,
2481 2895 2572 2943 sed

1520 2976 1787 3038 praecipue
1831 2975 2122 3025 recordatio
2166 2976 2428 3023 vulnerum
2480 2986 2573 3036 per

1518 3052 1632 3100 loca
1649 3051 1879 3115 corporis
1904 3048 2218 3114 pudibunda,
2242 3049 2378 3113 quod
2401 3064 2574 3098 exem-

1521 3126 1662 3188 plum
1679 3126 1950 3189 pessimum
1967 3139 2059 3189 per
2075 3125 2318 3173 mortales
2334 3131 2454 3172 tunc
2471 3125 2575 3187 pri-

1518 3214 1658 3249 mum
1695 3200 1955 3263 proditum
1989 3206 2090 3259 est,
2124 3214 2382 3264 nunquam
2420 3207 2576 3249 autea

1519 3275 1726 3323 Graecis
1746 3274 1988 3324 solitum.'
2041 3274 2260 3324 Ovidius
2285 3274 2335 3322 id
2359 3288 2460 3323 nou
2481 3274 2574 3323 ob-

1520 3355 1696 3397 servat
1718 3362 1774 3397 v.
1795 3356 1851 3398 et
1870 3361 1978 3397 ιιι.
1995 3347 2211 3397 Metam.
2255 3348 2438 3412 Neque
2451 3349 2572 3397 Vir·
2601 3352 2608 3359 '

1520 3423 1691 3487 gilius.

1581 3499 1679 3546 272
1711 3496 1968 3545 Immensum
1985 3495 2163 3544 violare
2177 3494 2352 3557 pudor]
2388 3496 2470 3545 Sic
2494 3496 2572 3545 in·

1517 3570 1626 3620 fra:
1655 3572 1672 3601 ⁸
1691 3572 1962 3620 Immensae
1985 3570 2182 3633 pariter
2204 3583 2569 3635 nemorumque

1517 3648 1784 3710 virumque
1809 3642 2009 3693 ruinae!
2071 3651 2086 3674 ⁸
2105 3645 2238 3693 Pars
2257 3646 2452 3708 clypeis
2475 3646 2569 3692 im-

1516 3736 1691 3770 mensa
1717 3721 1898 3781 sedet:
1918 3733 2011 3782 pro
2034 3720 2328 3768 innumera:
2367 3720 2570 3783 συνεχὲς

1512 3796 1679 3854 ποσὸν,
1716 3796 1820 3845 ἀντὶ
1849 3796 1934 3845 τοῦ
1964 3792 2275 3858 διωρισμένου.
2343 3795 2430 3844 Ita
2465 3796 2568 3846 Lu-

1514 3880 1645 3922 cret.
1677 3885 1739 3920 ιι.
1775 3872 1791 3899 ‘
1811 3872 1880 3920 Et
1916 3870 2062 3933 quasi
2097 3870 2372 3932 longinquo
2404 3868 2567 3921 fluere

1513 3947 1684 3995 omnia
1715 3945 1970 3993 ceruimus
1993 3943 2144 3999 aevo,’
2183 3959 2276 4005 pro
2302 3943 2563 3997 diuturno.

1513 4020 1729 4069 Terent.
1748 4027 1764 4050 ¹
1776 4028 2023 4068 sexcenta
2033 4018 2213 4079 tants:
2225 4033 2318 4081 pro
2330 4025 2422 4069 tot.
2441 4020 2566 4071 ‘Cu-

1517 4110 1687 4144 rarum
1730 4094 1933 4157 peperit
1967 4093 2124 4141 millia
2162 4100 2352 4154 quanta
2391 4093 2510 4143 milii
2532 4096 2568 4143 ,Ρ

1516 4170 1763 4233 Propert.
1832 4167 1966 4216 Vide
2008 4168 2156 4231 plura
2191 4167 2326 4230 apud
2367 4170 2584 4221 auten·

1516 4244 1651 4296 shus.
1673 4244 1738 4294 ad
1762 4243 2084 4295 Guntherum
2106 4256 2184 4293 xv.
2206 4246 2318 4293 873.
2509 4268 2518 4275 ·
