3173 4957
915 405 1012 455 DE
1061 404 1298 453 1313th
1345 403 1689 453 'rROJANo
1742 404 1887 453 Lm.
1935 405 2016 451 11.

2427 392 2559 457 409

368 550 606 641 Cetera
633 547 992 631 multiplici
1021 549 1294 614 lascivit
1319 548 1510 613 curia·
1529 548 1775 632 plausu
1800 567 1817 612 t

372 651 545 715 Pars
575 650 798 733 syrti5‚
831 669 988 733 pars
1019 654 1202 731 grata
1229 650 1413 732 lyriS,
1442 669 1601 732 pars
1630 670 1741 714 ore
1768 666 2017 713 canoro

345 790 348 793 >
377 753 671 817 Nativas
700 758 995 815 ostentat
1025 770 1213 833 opeS,
1245 758 1695 833 contentaque
1724 752 1951 815 nervis

2462 754 2554 817 95⁴

375 852 686 929 Arteriac,
713 872 844 915 non
875 853 1036 915 artis
1065 870 1286 932 opem,
1319 870 1450 915 non
1482 852 1779 915 carmina
1806 852 1988 915 nervi

373 954 487 1018 Ad
520 955 710 1019 vocis
738 951 1076 1017 mendicat
1105 972 1281 1034 opus
1309 972 1324 1015 :
1373 971 1445 1015 se
1473 952 1789 1035 quaelibet
1816 958 2004 1016 ornat

377 1056 583 1120 Musa
609 1058 843 1132 libenS,
876 1075 1028 1138 quae
1053 1074 1222 1119 voce
1252 1056 1508 1136 placet,
1539 1073 1692 1137 quae
1724 1054 1879 1118 dote
1909 1054 2229 1136 superbit.

380 1159 544 1222 Non
572 1163 792 1221 tamen
821 1158 1155 1237 indulgent
1185 1156 1424 1219 studiis
1457 1157 1918 1219 communibus
1949 1176 2218 1221 omnes:

377 1260 686 1323 AEtatum
717 1258 976 1340 parium
1003 1258 1240 1321 similis
1271 1257 1674 1322 concordia:
1717 1266 1943 1322 narrat

2412 1230 2567 1321 '100

379 1358 548 1423 Cum
581 1379 736 1425 sene
767 1359 1086 1436 canicieS‚
1114 1359 1290 1423 ludit
1318 1366 1468 1423 'cum
1500 1360 1682 1440 pube
1704 1358 2048 1441 juventus.

375 1462 476 1523 At
503 1461 752 1523 moduli
783 1461 1062 1523 alternat
1087 1459 1406 1523 libamina
1435 1460 1651 1541 prima
1683 1458 2049 1523 Choraules

377 1560 708 1638 PraeviuS‚
737 1569 804 1625 et
830 1560 1066 1625 docilis
1094 1561 1223 1625 hoc
1254 1562 1560 1644 explicat
1590 1581 1700 1625 ore
1730 1562 2049 1626 choreas:

1370 1760 1583 1811 No'rAE

379 1873 776 1937 Praepcdiuntur
799 1873 816 1902 ‘
836 1874 1001 1923 Crura
1021 1874 1307 1937 vacillanti,
1329 1881 1432 1923 tar·

379 1950 546 1999 descit
563 1950 752 2011 lingua,
767 1949 939 2003 madet
963 1962 1121 2005 mens,
1144 1950 1291 1999 Nant
1312 1964 1433 1997 ocu-

381 2023 450 2071 li.’
531 2024 752 2073 Gemina
789 2024 924 2088 apud
967 2026 1216 2073 Senecam
1261 2025 1432 2087 Epist.

380 2102 462 2147 83.
529 2100 598 2147 Et
627 2098 966 2162 Bacchylides
995 2114 1061 2148 11.
1099 2100 1238 2162 apud
1273 2099 1438 2150 Athe-

379 2172 548 2221 n'aeum
581 2176 840 2237 γραφικῶς.
905 2176 986 2225 De
1013 2173 1285 2227 Ebrietate
1309 2191 1434 2227 vero

380 2248 500 2298 vide
552 2250 734 2298 Basilii
793 2250 1114 2313 Orationem,
1166 2250 1434 2303 Philonem

380 2324 484 2389 περὶ
516 2324 816 2389 φυτουργίαις,
860 2334 915 2375 et
945 2327 1034 2377 lib.
1068 2328 1314 2390 singulari
1349 2347 1434 2377 πε-

378 2402 424 2466 ρὶ
463 2400 627 2463 μέθης,
675 2403 837 2451 Clem.
893 2402 1044 2451 Alex.
1093 2417 1156 2454 n.
1202 2409 1252 2453 2.
1294 2404 1434 2457 Plin.

381 2493 504 2529 xlv.
525 2484 608 2529 22.
641 2478 904 2528 Stobaeum
927 2478 994 2528 de
1028 2478 1228 2530 Ebriet.
1267 2482 1432 2545 Chry·

379 2563 507 2618 sost.
532 2555 596 2605 ad
623 2555 868 2619 populum
897 2553 1204 2604 Antiochen.
1231 2555 1428 2606 Homil.

380 2646 424 2682 1.
447 2638 502 2680 et
523 2632 575 2680 in
599 2631 767 2695 Epist.
791 2631 856 2678 ad
881 2630 1144 2694 Rom.'qui
1167 2630 1311 2693 ὑγρὸν
1330 2630 1438 2687 βίον

384 2718 442 2760 et
462 2707 796 2772 διακεχυμένον
817 2709 974 2758 toties
1013 2717 1069 2759 et
1097 2708 1220 2771 jure
1254 2710 1439 2759 merito

382 2787 624 2838 Homiliis
639 2788 742 2854 suis
757 2801 880 2836 auro
895 2794 1078 2836 contra
1094 2784 1286 2836 differt.
1326 2787 1442 2836 Ves-

381 2863 510 2926 tigia
546 2864 739 2927 nutent]
777 2862 966 2928 Papin.
985 2863 1150 2914 Theb.
1169 2876 1247 2912 xv.
1265 2864 1330 2912 de
1353 2877 1439 2911 ea-

383 2939 504 2997 dem
524 2954 603 3001 re,
632 2943 647 2967 ‘
670 2939 1004 3002 succiduique
1027 2938 1254 3003 gradus?
1335 2937 1439 2990 An·

385 3016 512 3066 thol.
536 3029 616 3065 nt.
637 3013 934 3077 μεθυσφαλὲς
953 3015 1090 3076 ἴχνος
1113 3013 1315 3064 ἑλίσσει.

403 3109 408 3116 ·
449 3095 513 3140 94
538 3092 664 3140 Pars
677 3092 843 3154 syrtis,
861 3105 978 3154 pars
994 3096 1140 3152 grata
1159 3089 1302 3154 lyris]
1323 3091 1439 3153 Συρ-

382 3164 445 3213 τὰ
485 3165 648 3215 refero
671 3165 739 3214 ad
774 3165 924 3214 tubas
958 3165 1213 3214 ductiles:
1263 3165 1442 3227 ὄργανα

388 3241 564 3292 ἐντατὰ
585 3242 821 3291 nominat
849 3241 1193 3289 Nicomachus
1219 3239 1440 3289 Gerase-

385 3333 484 3370 nus
503 3319 733 3368 Musicen
767 3331 806 3366 1.
829 3321 912 3365 65.
946 3317 1120 3366 Sacrae
1154 3317 1316 3366 literae
1339 3314 1441 3366 fre-

398 3403 640 3462 quenter,
666 3394 716 3444 ἑν
737 3391 970 3456 ὀργάνοις,
991 3390 1262 3456 κερατίνοις.

454 3475 579 3525 Pars
593 3488 672 3522 ore
687 3486 854 3522 canoro
871 3471 923 3520 N
924 3472 1078 3520 atinus
1098 3475 1299 3520 ostentat
1313 3467 1446 3533 opes]

387 3551 574 3605 Assum
615 3551 818 3602 scilicet
857 3564 1056 3608 vocem,
1089 3564 1240 3612 quam
1283 3547 1444 3598 Arist.

389 3641 520 3680 vm.
539 3627 704 3676 Polit.
724 3632 772 3674 6.
805 3623 980 3688 ψιλήνε
1019 3624 1289 3684 distinguit
1304 3625 1440 3672 enim

386 3704 622 3768 pluribus
654 3703 790 3752 inter
823 3701 946 3764 ᾠδὴν
979 3709 1032 3749 et
1067 3699 1280 3758 αὔλησιν,
1307 3706 1366 3748 ut
1388 3706 1445 3748 et

389 3779 636 3842 Fulgent.
666 3776 1000 3841 111.Mythol.
1023 3773 1087 3824 de
1121 3774 1365 3837 Apolline
1387 3779 1445 3822 et

386 3857 620 3916 Marsya.
653 3854 856 3916 Longus
891 3867 954 3904 ιι.
1007 3851 1372 3912 Pastoralium,
1411 3847 1444 3907 ἡ

388 3929 476 3992 μὶν
503 3927 648 3994 ᾖσεν,
698 3930 766 3980 ὅδ’
821 3927 1049 3992 ἑσύρισεν.
1136 3925 1446 3989 Phrynicus,

391 4004 530 4068 ψιλὸς
561 4005 788 4067 αὐλητὴς,
821 4018 961 4054 assus
1007 4001 1223 4063 tibicen,
1267 4015 1318 4061 p.
1361 4003 1444 4048 29.

392 4083 481 4131 De
519 4097 634 4135 assa
664 4096 788 4132 voce
827 4080 944 4128 vide
983 4077 1218 4139 Conject.
1258 4076 1445 4138 Scalig.

396 4161 508 4210 121.
533 4158 818 4210 Varronem
843 4155 896 4204 in
923 4151 1258 4216 Logistorico,
1278 4153 1392 4200 291.

461 4240 526 4287 96
562 4237 885 4299 Contentaque
905 4232 1060 4283 nervis
1079 4229 1312 4294 Arterioe]
1343 4231 1448 4296 Ἀρ-

1511 1872 1664 1936 σηρίιι.
1731 1874 1922 1937 Itaque
1963 1886 2057 1935 per
2078 1870 2324 1923 σννέπειαν
2344 1872 2568 1937 trisylla-

1513 1949 1637 1997 bnm
1652 1949 1753 1998 erit
1773 1964 1787 2009 ;
1811 1955 1869 1997 ut
1884 1947 2069 1999 Horat.
2086 1950 2101 1975 ‘
2116 1947 2374 2011 luscinia,'
2390 1954 2445 1997 et
2458 1950 2567 1998 vin-

1514 2024 1783 2074 demiator.
1832 2023 1919 2072 Ita
1941 2024 1990 2071 in
2017 2023 2178 2071 veteri
2200 2023 2567 2087 epigrammate

1515 2100 1655 2165 apud
1699 2099 1924 2148 Plinium
1968 2111 2148 2149 xxxV.
2190 2102 2270 2147 10.
2318 2099 2335 2126 ‘
2355 2100 2567 2148 Marcus

1515 2176 1715 2229 Ludius
1731 2177 1905 2227 Elotas
1922 2174 2109 2224 AEtolia
2122 2173 2402 2223 oriundus.’
2434 2175 2568 2223 Vide

1517 2268 1599 2303 vr.
1623 2257 1737 2303 384.
1760 2259 1816 2302 et
1838 2252 1970 2301 infra
1991 2255 2103 2301 126.

1579 2332 1675 2379 100
1709 2330 1899 2377 Narrat
1921 2329 2041 2376 Cum
2063 2342 2169 2377 sene
2190 2326 2414 2390 canicies]
2439 2326 2569 2375 Gar-

1511 2404 1582 2453 rit
1631 2406 1825 2465 malim,
1869 2400 2230 2465 λεσχηνεύεται,
2273 2400 2571 2464 λαρυγγίζει,

1513 2481 1653 2546 quod
1677 2482 1808 2530 solet
1831 2478 1941 2528 fieri
1973 2481 2025 2528 ἐν
2047 2475 2368 2527 ἐπικυλικείοις
2387 2475 2573 2540 λόγοις,

1515 2564 1574 2606 nt
1598 2557 1771 2608 Graeci
1795 2561 2001 2604 vocant.
2066 2554 2289 2603 Casaub.
2316 2552 2507 2602 Athen.
2531 2567 2573 2604 1.

1517 2633 1605 2682 Ita
1624 2632 1809 2682 Horat.
1831 2636 1845 2659 ‘
1862 2629 2054 2692 garrire
2076 2627 2313 2678 libellos.'
2344 2629 2572 2690 Proper-

1518 2707 1642 2768 tius,
1665 2707 1681 2735 ‘
1699 2720 1847 2770 quam
1865 2706 2023 2752 multa
2044 2705 2279 2766 apposita
2304 2717 2570 2751 narramus

1520 2783 1681 2832 verba
1697 2778 1945 2837 lucerna,’
1960 2779 2095 2843 quod
2110 2777 2357 2828 Suetonio
2370 2778 2421 2825 in
2438 2775 2575 2840 Aug.

1517 2853 1532 2886 ‘
1555 2857 1859 2908 summissim
1882 2853 2139 2904 fabulari!
2206 2855 2365 2916 Loug.
2388 2853 2574 2904 Pasto-

1520 2935 1616 2985 ral.
1638 2947 1704 2982 n.
1732 2937 1782 2982 2.
1814 2930 1894 2981 καὶ
1928 2929 2027 2982 οἷον
2056 2929 2113 2988 δὴ
2147 2926 2368 2994 γέροντες
2405 2929 2576 2985 ὑποβε-

1519 3006 1771 3073 βρεγμένοι
1818 3005 1933 3072 πρὸς
1986 3004 2227 3063 ἀλλήλους
2266 3003 2430 3054 πολλὰ
2471 3002 2574 3054 ἕλε-

1517 3102 1625 3147 γον.

1586 3167 1682 3212 102
1700 3163 1957 3212 choraules
1976 3158 2222 3222 Proeuius]
2239 3159 2341 3211 Qui
2361 3159 2431 3224 τῷ
2450 3159 2581 3221 χορῷ

1520 3239 1677 3302 αὐλεῖ,
1716 3238 1779 3288 ad
1822 3240 2031 3288 chorum
2071 3237 2201 3285 tibia
2238 3235 2409 3286 canit:
2446 3236 2577 3282 alins

1523 3333 1647 3368 vero
1670 3318 1758 3382 qui
1780 3317 1955 3380 digitis
1984 3316 2305 3364 chironomus
2342 3321 2395 3361 et
2431 3311 2579 3374 pedi-

1523 3393 1619 3443 bus
1640 3392 1865 3456 gestiens
1891 3403 2016 3438 voce
2040 3389 2279 3437 tibiarum
2304 3391 2359 3436 et
2378 3385 2577 3436 fistula-

1522 3485 1635 3518 rum
1658 3482 1834 3519 sonum
1857 3465 2102 3515 imitatur.
2146 3462 2401 3522 sidonius,
2422 3459 2577 3510 ‘date

1523 3544 1724 3594 ravulos
1747 3538 2165 3603 choraulas,'&c.
2231 3536 2367 3586 Vide
2388 3536 2577 3598 Scalig.

1523 3620 1588 3673 ad
1629 3621 1872 3680 Propert.
1914 3619 2028 3667 284.
2112 3613 2199 3664 Ita
2235 3609 2452 3684 λυρῳδὸς,
2488 3611 2579 3674 qui

1521 3700 1657 3763 lyra,
1694 3691 1917 3756 αὐλῳδὸς,
1945 3691 2032 3756 qui
2073 3689 2137 3740 ad
2178 3688 2374 3740 tibiam.
2440 3685 2575 3736 Vide

1523 3773 1739 3826 eundem
1778 3772 1830 3820 in
1866 3765 2167 3818 Eusebianis
2189 3763 2428 3814 Animad.
2465 3768 2577 3814 155.

1524 3856 1580 3897 et
1616 3847 1813 3912 prolixe
1851 3845 2007 3893 etiam
2042 3841 2265 3890 Casaub.
2290 3838 2354 3888 ad
2382 3839 2574 3890 Athen.

1524 3937 1639 3973 xiv.
1659 3925 1707 3972 2.
1731 3925 1847 3972 662.
1870 3920 1885 3947 ⁶
1904 3918 2077 3970 Malus,
2098 3916 2384 3972 choraules,
2409 3915 2575 3964 bonus

1523 3993 1951 4063 symphoniacus!
2010 3992 2285 4054 Angustia.
2324 3989 2487 4041 Arist.
2524 3995 2577 4040 8.

1527 4073 1687 4122 Polit.
1708 4075 1756 4120 6.
1782 4079 2021 4132 tanquam
2046 4080 2213 4114 rarum
2230 4073 2398 4129 notat,
2420 4067 2577 4117 ἐνΛα.

1527 4145 1763 4206 κεδαίμονί
1781 4163 1855 4196 τις
1890 4141 2099 4206 χορηγὸς
2128 4141 2269 4193 αὐτὸς
2302 4141 2483 4201 ηὔλησε
2502 4145 2581 4205 τᾷ

1527 4226 1675 4288 χορῷ,
1708 4229 1822 4272 erat
1843 4220 1977 4270 enim
2000 4217 2053 4267 id
2076 4217 2360 4271 choraulae.
