3173 4957
627 385 754 452 594

629 541 748 605 lere]
767 540 1066 602 Legendnm
1083 537 1335 587 arbitrer:
1359 536 1375 563 ⁴
1390 536 1529 584 Dum
1547 546 1685 581 nam-

630 629 732 680 que
757 630 976 677 propera
995 613 1156 662 itione
1180 609 1370 672 navigii
1395 605 1687 656 inconsulte

628 693 708 742 usi
725 693 909 751 ventis,
919 692 1146 754 Cyprum
1157 681 1446 750 appulere!
1464 682 1686 731 Advers.

636 771 910 902 xxfil'trmjffls
947 839 1126 902 aliquot
1175 836 1374 886 navibus
1414 832 1689 882 Alexander

609 916 902 972 ,Phoem'cem
914 913 1152 977 delapsus]
1169 915 1185 940 ‘
1199 912 1474 972 Delapsum
1492 908 1506 929 ’
1532 907 1688 957 Alex-

633 989 845 1039 andrum
892 988 1113 1050 navigio,
1156 987 1250 1034 hoc
1293 990 1394 1043 est,
1426 982 1686 1046 prosperis

635 1068 803 1116 ventis
822 1067 1123 1124 devectum,
1140 1060 1516 1123 elegantissime
1531 1058 1687 1106 etiam

631 1143 763 1191 dixit
787 1141 918 1190 libro
941 1140 1120 1187 eodem
1155 1139 1347 1199 primo:
1381 1137 1396 1163 ‘
1416 1142 1523 1182 tum
1547 1148 1688 1182 nam-

633 1232 736 1282 que
759 1215 1128 1280 properatione
1162 1213 1356 1274 navigii
1399 1211 1689 1259 inconsulte

631 1293 711 1340 usi
767 1291 950 1345 ventis,
1007 1289 1071 1338 ad
1129 1287 1356 1350 Cyprum
1424 1285 1690 1349 appulere.

631 1367 786 1417 Unde
809 1367 1027 1428 sumptis
1060 1364 1258 1425 aliquot
1290 1361 1506 1410 navibus
1531 1361 1691 1410 Alex-

633 1443 794 1493 ander
829 1442 1123 1490 Pboenicem
1159 1440 1422 1501 delapsus,
1453 1437 1689 1486 Sidonio-

633 1534 746 1568 rum
769 1532 961 1579 rego-m,
987 1516 1071 1577 qni
1097 1529 1213 1564 eum
1248 1514 1411 1561 amice
1445 1527 1689 1576 suscepe-

632 1602 733 1658 rat,
755 1600 912 1642 noctu
939 1591 1133 1641 insidiis
1154 1588 1342 1638 necat.’
1376 1589 1504 1638 Quoe
1529 1588 1691 1637 verba

633 1676 690 1719 et
711 1669 942 1731 superins
969 1668 1166 1728 prolata
1189 1679 1288 1714 non
1319 1671 1500 1713 carent
1523 1665 1685 1726 suspi-

887 396 1106 448 No'rAE
1154 391 1554 444 VARIORUM
1609 391 1688 438 ΙΝ

633 1746 781 1794 cione
807 1743 942 1813 apud
967 1757 1054 1790 nos
1071 1742 1301 1790 maculse.
1366 1741 1687 1803 Quamquam

631 1822 829 1871 scelere
849 1819 1026 1868 domus
1043 1817 1264 1868 Menelai
1287 1817 1517 1879 spoliata
1539 1830 1689 1865 onus-

630 1903 686 1946 ta
701 1897 822 1946 navi
850 1909 1154 1959 properasse
1179 1901 1362 1942 contra
1385 1899 1568 1941 ventos
1592 1895 1689 1942 eti-

633 1987 714 2021 am
737 1972 875 2020 dicat
913 1969 1285 2032 Alexandrum,
1305 1983 1370 2016 ue
1393 1983 1426 2017 a
1447 1981 1689 2030 persecu·

633 2048 765 2097 turis
786 2047 1286 2110 apprehenderetur.
1321 2045 1413 2093 Est
1438 2052 1611 2092 autem
1631 2042 1691 2091 τὸ

629 2125 646 2151 ‘
665 2123 906 2184 delapsus
924 2121 938 2144 '
965 2121 1254 2170 Poe‘tic'um.
1308 2119 1456 2182 Virg.
1481 2132 1538 2167 x.
1569 2119 1685 2170 ΕΒ.

632 2205 648 2227 ‘
668 2197 880 2247 Labitur
903 2199 1010 2244 alta
1031 2209 1212 2244 secans
1247 2193 1511 2257 fluctuque
1535 2202 1686 2242 ποω-

633 2285 734 2334 que
768 2269 1033 2319 secundo?
1095 2271 1286 2316 Tamen
1321 2269 1512 2332 aliquid
1545 2284 1690 2319 men·

631 2347 812 2395 desum
858 2354 941 2395 est
987 2346 1049 2394 iis
1093 2345 1284 2407 verbis,
1332 2355 1392 2394 ut
1435 2359 1687 2396 memora-

633 2423 815 2473 vimus.

697 2502 967 2561 Eademque
1003 2515 1095 2561 qua
1128 2501 1250 2562 apud
1288 2499 1689 2549 Lacedoemoas'am

629 2576 910 2639 eupiditate]
953 2574 1409 2623 ‘Lacedaemonia’
1441 2580 1524 2623 est
1561 2574 1687 2623 urbs

631 2652 742 2715 ipsa
765 2652 978 2713 Sparta,
993 2650 1245 2713 quomodo
1267 2652 1441 2699 nescio
1464 2666 1527 2699 an
1553 2652 1685 2700 tillus

632 2728 844 2777 Latinus
867 2727 1103 2788 scriptor
1126 2728 1422 2787 usurparit:

703 2802 984 2851 Universum
1005 2804 1190 2849 domum
1212 2802 1314 2861 ejus
1338 2804 1390 2849 iu
1412 2804 1560 2850 scelus
1574 2818 1685 2865 pro-

625 2877 783 2941 prium
799 2876 1056 2937 convertit]
1072 2880 1086 2903 ⁴
1104 2876 1251 2923 Verti
1271 2877 1320 2922 in
1339 2879 1508 2924 scelus
1526 2876 1541 2899 '
1560 2878 1687 2925 dici·

631 2962 716 3001 tur
737 2952 982 3015 quicquid
1009 2954 1057 3001 vi
1079 2958 1258 2999 contra
1289 2949 1366 2999 fas
1391 2958 1447 2999 et
1477 2954 1688 3015 aequita-

633 3034 735 3076 tem
757 3032 1008 3089 patratur.

703 3103 824 3150 Cum
857 3100 1088 3150 obstinate
1119 3100 1171 3148 hi
1191 3100 1318 3161 regis
1337 3114 1492 3150 necem
1523 3102 1685 3161 desen-

634 3178 822 3241 aerest]
867 3184 882 3205 ⁶
904 3175 1238 3237 Defendere,’
1283 3184 1362 3226 est
1405 3178 1686 3227 vindicare.

636 3254 747 3302 Rex
773 3261 942 3303 eutem
969 3258 1082 3300 erat
1101 3252 1210 3315 jam
1243 3252 1438 3301 insidiis
1463 3254 1685 3303 Alexan-

633 3324 713 3375 dri
733 3328 1087 3387 iuteremptus.

699 3404 782 3465 §6
823 3401 890 3450 Ur
914 3402 1050 3449 taciti
1079 3404 1210 3451 vultu
1244 3408 1400 3451 tmen
1432 3405 1687 3454 admissum

619 3477 816 3538 facinus
849 3478 1226 3540 condemnarent]
1258 3480 1375 3527 Mos
1407 3487 1490 3528 est
1523 3480 1683 3529 homi-

635 3564 776 3613 num,
793 3566 909 3601 cum
936 3566 1042 3601 rem
1069 3555 1358 3615 quampiam
1381 3554 1546 3603 minus
1567 3570 1685 3618 pro-

635 3630 782 3689 bant,
815 3630 1006 3677 vultum
1047 3631 1372 3689 contrahere,
1403 3638 1456 3678 et
1476 3644 1540 3678 eo
1569 3645 1683 3679 eam

635 3706 777 3754 velut
815 3706 1056 3755 aversuri.
1127 3706 1189 3753 Id
1231 3705 1250 3731 ⁴
1269 3708 1410 3753 vultu
1443 3706 1683 3754 condem-

635 3793 758 3830 nare
775 3780 792 3804 '
813 3782 989 3841 pulcre
1013 3782 1164 3829 dixit.
1231 3781 1317 3829 Sic
1341 3780 1540 3830 Auctor
1565 3783 1682 3831 Μο-

635 3856 736 3903 reti
759 3856 892 3903 idem
917 3856 1130 3903 alludit:
1166 3860 1180 3883 ¹
1201 3856 1354 3917 Saepe
1386 3857 1478 3904 viri
1513 3858 1681 3905 nareis

635 3944 756 3980 acer
785 3932 1052 3993 jaculatur
1097 3938 1306 3993 apertas
1349 3932 1590 3994 Spiritus,
1626 3941 1683 3982 et

633 4007 760 4055 simo
782 4007 984 4056 damnat
1007 4020 1099 4056 sna
1119 4008 1332 4071 prandia
1354 4008 1530 4058 vultu?
1571 4007 1681 4058 Ad-

636 4095 769 4130 vers.
793 4096 927 4133 Lvu.
951 4086 1030 4131 20.
1220 4126 1224 4131 .

701 4156 774 4217 §7
797 4156 920 4203 Cum
939 4157 1115 4218 partim
1129 4154 1580 4221 excmloffieinoris
1597 4172 1681 4207 ex-

631 4230 896 4295 eor-aretur]
939 4233 1326 4298 ‘ExemplumD
1361 4233 1570 4285 memini
1613 4232 1681 4283 ab

1742 387 2029 436 DlowYM
2080 383 2473 434 GRETENSE
2486 385 2561 433 M.

1762 526 2058 578 auctoribus
2087 526 2188 575 dici
2221 526 2427 588 dignam
2463 539 2573 574 rem
2609 525 2828 574 imitati-

1760 622 1859 656 one
1894 616 1949 656 et
1978 607 2133 656 laude
2170 613 2440 668 perpetua.
2506 604 2825 653 Claudianus

1761 683 1827 730 de
1849 681 2093 732 fratribus
2119 680 2411 730 eatan-eis:
2448 681 2463 708 ‘
2481 679 2602 742 Ipse
2630 680 2823 729 redun-

1762 757 1969 806 dantem
2011 757 2239 806 frenavit
2288 757 2549 805 Mulciber
2594 757 2826 816 AEtnutn¹

1760 832 2004 880 Loederet
2024 831 2248 894 exempli
2272 845 2336 878 ne
2358 836 2691 878 monumenta
2714 830 2826 892 pii.'

1763 906 1823 956 In
1850 909 2012 956 veteri
2032 907 2326 970 epitaphio:
2361 908 2377 935 ⁴
2398 906 2707 967 Exemplum
2731 919 2825 967 pe-

1764 982 1871 1044 riit,
1902 992 2060 1031 castae
2096 983 2270 1044 lugete
2305 979 2531 1045 puellm!
2586 981 2711 1029 Dixi
2754 981 2823 1029 de

1764 1057 1916 1119 bona,
1938 1059 2145 1120 capitur
2168 1064 2339 1106 autem
2359 1063 2412 1104 et
2436 1057 2485 1104 in
2504 1057 2689 1106 malam
2705 1071 2824 1120 par-

1764 1137 1885 1182 tem.
1919 1133 1995 1180 Ut
2016 1137 2031 1160 ⁴
2050 1133 2340 1193 exemplum
2365 1130 2570 1178 unicum
2595 1132 2831 1183 malitiae’

1764 1218 1845 1258 est
1868 1210 2003 1272 apud
2029 1209 2345 1272 Appuleium
2382 1223 2499 1269 pag.
2532 1213 2647 1256 381.
2734 1210 2821 1258 Sic

1764 1291 1778 1312 ⁸
1798 1286 1929 1348 gulae
1996 1283 2315 1346 exemplum'
2362 1283 2605 1344 Apicium
2666 1293 2823 1333 vocat

1763 1361 2075 1410 Scholiastes
2134 1361 2331 1423 priscus
2385 1359 2438 1408 in
2494 1360 2821 1410 Juvenalem.

1763 1438 1849 1485 Ita
1872 1439 1887 1466 ‘
1906 1437 2200 1500 exemplum
2224 1434 2466 1484 facinoris
2482 1435 2498 1456 ³
2520 1433 2721 1482 facinus
2745 1435 2823 1496 ip·

1764 1526 1875 1559 snm
1900 1513 2173 1575 pessimum
2196 1511 2447 1574 Septimio
2463 1511 2497 1558 l.
2522 1523 2557 1558 1.
2580 1511 2645 1558 de
2670 1511 2838 1559 Bello·

1762 1587 2005 1649 Trojano.
2030 1586 2244 1636 Adversa.
2274 1600 2451 1636 xxxv.
2476 1591 2555 1635 14.

1833 1663 1933 1718 Qui
1954 1665 2120 1724 lingua
2142 1663 2431 1724 moribusque
2453 1661 2663 1727 barbari,
2700 1662 2821 1710 nihil
2852 1683 2859 1688 ·

1758 1741 1912 1800 pensi,
1930 1739 2033 1802 tra]
2054 1739 2135 1786 De
2156 1738 2275 1802 Troj
2285 1739 2392 1786 anis
2411 1737 2546 1801 quod
2573 1737 2672 1800 ait,
2690 1752 2821 1801 proe·

1764 1815 1917 1876 cipue
1941 1821 2112 1862 autem
2138 1812 2204 1861 de
2230 1814 2439 1874 regulis,
2462 1820 2517 1861 ut
2540 1821 2695 1862 vocat
2710 1814 2822 1863 Pri·

1766 1889 1866 1936 ami
1909 1889 2061 1950 filios,
2094 1890 2247 1950 longe
2287 1889 2439 1936 aliter
2470 1903 2527 1936 se
2562 1903 2673 1936 cam
2710 1903 2818 1937 rem

1763 1963 1953 2012 habere
2020 1962 2415 2026 persuadebitur
2482 1963 2570 2025 qui
2632 1963 2819 2012 Dionis

1765 2041 2115 2104 chrysostomi
2150 2041 2433 2088 orationem
2468 2040 2714 2089 Troicum
2749 2042 2821 2090 le-

1764 2127 1871 2177 get.
1939 2117 2054 2167 Quo
2077 2130 2195 2164 sane
2226 2116 2358 2164 libro
2396 2116 2575 2164 mirum
2609 2123 2690 2164 est
2724 2117 2818 2165 nisi

1763 2194 1953 2241 veritas
1986 2193 2142 2242 totius
2176 2192 2298 2241 belli
2324 2193 2532 2254 Trojaui
2572 2200 2662 2243 ant
2690 2207 2821 2243 nnn-

1765 2283 1915 2332 qnam
1934 2270 2089 2331 gesti,
2110 2275 2197 2316 aut
2215 2281 2391 2330 nuaguo
2410 2269 2713 2317 Gra-corum
2732 2270 2821 2318 de-

1762 2344 1969 2404 decore,
1994 2347 2245 2408 aperitur,
2268 2345 2320 2392 in
2346 2345 2593 2406 pudorem
2615 2345 2823 2394 omnino

1760 2419 2123 2483 figmentorum
2147 2421 2419 2470 levissimae
2445 2421 2692 2470 nationis.
2720 2421 2823 2472 Ad·

1764 2512 1898 2546 vers.
1922 2510 2052 2546 Lvn.
2078 2502 2156 2546 20.

1826 2576 1853 2638 §
1880 2578 1937 2623 14
1966 2574 2125 2623 Hicin
2139 2574 2309 2639 primis
2323 2576 2649 2625 adolescentia.-
2664 2576 2822 2638 annis,

1756 2664 1995 2713 procerus,
2017 2652 2341 2713 decorosus-ie,
2362 2653 2523 2701 studio
2544 2668 2705 2702 rerum
2728 2654 2823 2702 bel-

1760 2726 1972 2786 licarum,
1988 2728 2259 2787 omnerjum
2275 2732 2373 2775 tum
2394 2728 2573 2776 viante
2595 2734 2645 2777 et
2662 2728 2827 2789 gloria

1759 2802 2029 2865 superabat]
2064 2806 2179 2853 Non
2218 2804 2367 2851 audio
2403 2804 2563 2851 virum
2605 2804 2821 2852 doctum

1761 2876 1871 2944 ἠως
1892 2878 2063 2926 mendi
2087 2879 2489 2941 suspicientem3
2528 2880 2703 2941 potius
2726 2894 2819 2928 nos

1762 2952 2122 3001 Sallustianum
2148 2954 2388 3017 loquendi
2410 2955 2615 3002 modum
2635 2968 2819 3014 agnos-

1762 3027 1941 3085 cimus,
1962 3036 2019 3077 ut
2040 3028 2153 3091 jam
2190 3029 2446 3077 sententia
2485 3030 2628 3077 velut
2664 3032 2822 3092 plena

1762 3101 2077 3164 adjiciantur
2101 3112 2271 3151 tamen
2297 3104 2416 3166 alia,
2456 3118 2568 3167 quoe
2608 3118 2715 3153 rem
2741 3108 2818 3169 ip·

1760 3190 1867 3225 sam
1910 3179 2137 3241 penitius
2184 3187 2513 3228 concernunt.
2584 3180 2677 3229 Sic
2720 3181 2819 3232 hoc

1758 3252 1872 3303 loeo
1914 3252 2151 3303 sufficere
2188 3262 2387 3316 poterat
2422 3256 2525 3304 dici
2561 3256 2817 3307 Achillem

1763 3332 2099 3391 proceritate,
2122 3338 2397 3378 venustate
2415 3328 2612 3393 forma,
2629 3340 2683 3380 et
2708 3340 2817 3381 stu·

1760 3403 1847 3451 dio
1886 3414 2055 3453 rerum
2098 3405 2391 3453 bellicarum
2426 3394 2603 3455 omnes
2637 3422 2817 3471 super·

1761 3494 1871 3528 asse
1892 3496 1908 3540 3
1957 3481 2046 3529 ille
2092 3496 2215 3531 vero
2258 3482 2410 3529 etiam
2457 3480 2705 3531 virtutem
2758 3491 2816 3534 et

1759 3556 1974 3617 gloriam
2014 3556 2223 3619 adjerit.
2290 3558 2585 3605 Observare
2621 3561 2815 3620 poteris

1760 3632 1899 3693 apud
1934 3632 2249 3691 Sallustium,
2286 3646 2379 3678 uec
2404 3646 2504 3679 non
2528 3646 2631 3681 nno
2651 3642 2813 3699 atque

1758 3708 1923 3756 altero
1948 3708 2060 3755 loco
2083 3705 2458 3769 Thucydidem.

1826 3782 1995 3845 Neque
2010 3787 2164 3831 tamen
2178 3782 2341 3831 oberat
2358 3782 2418 3831 ob
2436 3798 2488 3831 eo
2508 3784 2584 3831 uis
2600 3789 2815 3848 quadam

1757 3858 2037 3917 inconsulta,
2056 3864 2101 3906 et
2125 3856 2273 3920 effera
2293 3871 2473 3906 mmm
2490 3860 2813 3923 impatientia]

1760 3932 1841 3980 Ex
1873 3932 2099 3981 Homero
2134 3933 2457 3981 adumbravit
2490 3935 2604 3983 bec
2642 3938 2812 3986 omnia

1758 4008 2071 4070 Septimius;
2103 4014 2157 4055 et
2184 4008 2247 4054 de
2270 4006 2449 4055 eodem
2476 4007 2679 4057 Achille
2700 4010 2810 4059 Ho-

1759 4083 1921 4131 ratius
1961 4082 2303 4137 notandorum
2346 4096 2540 4130 morum
2579 4100 2807 4136 summus

1758 4158 1946 4208 artifex
1966 4176 1979 4205 ε
2012 4162 2029 4187 ⁸
2046 4159 2150 4205 Ant
2170 4156 2355 4205 famam
2376 4173 2591 4221 sequere
2609 4171 2700 4212 aut
2714 4162 2805 4213 sibi

1757 4236 2113 4285 convenientia
2132 4232 2286 4296 tinge.
2333 4233 2572 4299 scriptor
2591 4239 2805 4289 honora·
