3173 4957
556 336 687 401 504

1292 326 1301 337 “
1352 353 1662 403 JOSBPHI
1713 354 1966 403 iscar-11

560 490 993 570 Protesilaus,
1022 494 1136 569 ait,
1166 493 1291 557 iter
1317 492 1467 571 hac,
1495 493 1626 557 hac
1654 495 1896 559 ibimus
1925 494 2202 581 (inquit)

563 592 625 655 Ο
656 593 847 669 socii,
876 611 1012 656 non
1037 598 1175 657 tota
1205 592 1538 677 Phrygum
1567 613 1769 678 quam
1795 597 2142 679 poscimus
2167 598 2315 677 Ide,

561 694 963 758 Communes
992 695 1309 779 partimur
1336 714 1557 777 agros,

1648 696 1826 761 Haec
1852 699 2060 773 fatus,
2089 700 2158 765 in
2185 720 2380 767 enses

563 793 786 871 Irruit,
815 800 886 858 et
915 814 1052 879 qua
1082 797 1265 861 acies
1291 797 1494 862 instat
1522 797 1948 875 densissima,
1978 799 2210 865 durum

563 896 942 980 Extorquet
968 899 1307 964 violentus
1338 900 1481 977 iter,
1509 907 1646 964 tres
1675 900 1912 965 littoris
1945 901 2120 979 Indi,

2618 908 2747 973 16⁰

565 998 875 1082 Quinque
904 999 1188 1073 Arabes,
1219 1008 1471 1085 septem
1505 1000 1571 1065 N
1577 999 1904 1065 abathaeae
1932 1004 2148 1083 gentis
2181 1002 2491 1069 alumnos

496 1108 503 1111 “
562 1096 911 1171 ,Consumit
938 1102 1215 1166 victrice
1245 1121 1466 1165 manu.
1556 1102 1785 1165 Dabat
1815 1103 2018 1166 obvia
2045 1102 2348 1167 Phorbas

562 1200 880 1280 Pectora,
911 1208 979 1267 et
1009 1204 1263 1269 intenta
1292 1203 1609 1267 veniebat
1636 1202 1945 1267 turbidus
1975 1202 2193 1269 hasta.

561 1300 661 1366 At
687 1302 864 1368 ferus
900 1304 1311 1389 Hysiphides
1347 1305 1634 1389 praeciso
1663 1305 1896 1387 stipite
1922 1304 2168 1369 ferrum

566 1401 874 1481 Decutit‚
910 1424 990 1469 ac
1018 1407 1299 1471 maculis
1324 1406 1562 1488 ruptiS,
1596 1413 1668 1468 et
1697 1405 1962 1469 casside
1988 1404 2222 1485 fracta,

2625 1410 2754 1475 165

568 1502 851 1569 Pectore
882 1506 1152 1570 dividuo
1180 1506 1484 1589 perducit
1510 1507 1579 1568 in
1606 1505 1729 1569 ilia
1759 1507 1986 1571 telum.

656 1605 902 1670 Stabat
929 1608 999 1671 in
1028 1627 1307 1672 occursu
1338 1608 1565 1690 pelagi
1597 1604 1958 1672 Chaldaeus
1989 1604 2286 1674 Orontes

577 1706 894 1789 Dumque
920 1716 1098 1773 rates
1128 1710 1420 1773 inhibere
1448 1712 1661 1793 parat,
1692 1708 2062 1792 suspensus
2090 1708 2159 1771 in
2187 1709 2414 1787 ictum,

573 1807 784 1873 Fallit
814 1828 1017 1873 arena
1042 1810 1277 1893 pedes,
1307 1817 1371 1874 et
1398 1811 1632 1874 inanes
1662 1810 1927 1893 excipit
1953 1830 2160 1875 ausus

566 1908 1003 1993 ‚Praecipitem
1033 1932 1333 1976 mersura
1360 1912 1601 1977 Thetis
1626 1930 1644 1973 ε
1669 1914 1904 1995 premit
1935 1912 2188 1977 Inacha
2216 1912 2430 1995 pubes

2566 1921 2571 1926 ·
2631 1872 2758 1975 174)

574 2009 909 2094 Desuper,
938 2011 1051 2078 ille
1083 2033 1318 2097 parens
1348 2014 1415 2078 in
1448 2034 1648 2096 gyros
1674 2014 1950 2078 brachia
1979 2015 2257 2096 spargit,

574 2110 655 2173 In
685 2112 925 2177 mediis
956 2132 1028 2177 se
1054 2113 1256 2177 librat
1284 2114 1504 2198 aquiS‚
1532 2133 1708 2179 nunc
1736 2116 1947 2180 exerit
1973 2115 2167 2195 ultro,

1499 2299 1862 2320 mmm

643 2415 734 2461 171
770 2413 925 2462 Pares
947 2413 1179 2465 Dresem.

1562 2564 1776 2615 No'rAE

642 2676 738 2720 156
771 2672 874 2720 Iter
894 2673 997 2728 huc,
1018 2653 1105 2721 liae
1126 2673 1513 2738 ibimus,inquit]
1544 2677 1631 2725 Sic
1713 2677 1885 2725 annuli
1910 2677 1995 2726 isti
2029 2675 2192 2726 instar
2227 2674 2536 2725 macularum
2569 2682 2626 2725 et
2659 2677 2767 2740 pla-

577 2751 945 2813 Hippomedon
966 2751 1104 2814 apud
1130 2753 1316 2814 Papin.
1338 2767 1439 2802 vn.
1463 2761 1518 2802 et
1532 2755 1631 2802 Ca·
1713 2755 1943 2816 gularum
1981 2754 2029 2800 in
2054 2753 2173 2813 reti,
2196 2751 2262 2801 de
2293 2752 2478 2815 quibus
2508 2752 2766 2813 Josepbus

578 2841 774 2888 paneus
798 2839 854 2875 x.
888 2827 904 2852 ‘
925 2826 1054 2882 Hac,
1092 2827 1183 2886 ait,
1213 2831 1265 2876 in
1294 2829 1518 2891 Thebas,
1532 2831 1632 2879 hac
1710 2829 1941 2890 Scaliger
1976 2829 2026 2876 in
2050 2828 2274 2890 conject·
2297 2841 2350 2889 p.
2372 2830 2455 2874 67.
2522 2825 2765 2874 Manilius

579 2915 663 2949 me
681 2901 838 2964 jubet
861 2901 1018 2948 ardua
1042 2902 1229 2963 virtus,
1246 2903 1334 2951 Ire
1352 2903 1392 2963 ;'
1414 2911 1469 2952 et
1492 2905 1630 2966 apud

577 2975 757 3024 Silium
782 2989 819 3024 r.
876 2976 1087 3024 Murrus
1106 2993 1121 3024 ε
1145 2980 1159 3005 ‘
1180 2979 1296 3027 Hac
1318 2979 1418 3028 iter
1440 2988 1536 3038 est,
1560 2982 1635 3030 in·

580 3049 714 3112 quit,
738 3049 881 3098 vobis
905 3050 969 3098 ad
991 3053 1175 3100 moenia
1200 3053 1411 3103 Romae.’

580 3121 587 3126 “
648 3128 742 3172 162
778 3125 941 3174 Dabat
975 3126 1112 3175 obvia
1155 3128 1367 3178 Phorbas
1405 3130 1635 3194 Pectora]

581 3199 808 3248 Nomina
830 3200 1047 3250 militum
1072 3203 1341 3252 maximam
1372 3213 1572 3268 partem
1607 3223 1636 3254 a

582 3275 807 3336 Papinio
858 3278 1078 3325 sumsit:
1143 3295 1311 3342 pauca
1350 3297 1381 3329 a
1419 3282 1637 3346 Virgilio

581 3357 637 3399 et
672 3351 927 3414 Homer03
970 3357 1218 3417 pauciora
1249 3357 1314 3406 ab
1350 3359 1561 3424 Hygino
1584 3364 1640 3407 et

580 3427 763 3494 Diety.

650 3511 742 3554 165
790 3507 865 3556 Ac
906 3509 1099 3556 maculis
1148 3510 1326 3572 ruptis,
1370 3515 1418 3559 et
1461 3511 1641 3559 casside

574 3583 763 3647 fracta]
799 3583 904 3632 Per
936 3585 952 3611 ‘
974 3584 1231 3634 maculas'
1268 3587 1541 3635 reticulum
1565 3588 1639 3634 in·

584 3659 759 3722 telligo
793 3661 1105 3719 coriaceum,
1138 3675 1239 3724 quo
1272 3663 1421 3722 galea
1455 3663 1641 3709 astrin-

584 3736 737 3796 gitur.
796 3735 1013 3784 Homer.
1056 3736 1121 3783 ΙΙ.
1156 3741 1215 3784 Κ.
1260 3737 1527 3784 Meriones
1566 3737 1640 3784 ibi

585 3812 676 3857 «lat
700 3811 870 3873 Ulyssi
894 3811 1078 3870 κυνέην,
1114 3826 1229 3876 quae
1251 3810 1454 3861 πολέσιν
1476 3810 1640 3862 ἔντοσ-

586 3890 666 3934 θεν
687 3886 842 3946 ἱμᾶσιν
865 3887 1118 3938 Ἐντένατο
1141 3891 1360 3950 στερεῶς,
1373 3889 1451 3936 vel
1468 3889 1640 3938 loricae

585 3967 800 4012 annulos
823 3963 931 4013 sive
966 3964 1186 4013 circulos
1215 3961 1409 4012 ferreos
1444 3971 1534 4011 aut
1556 3977 1643 4012 co·

584 4040 800 4096 riaceos,
835 4041 1016 4105 quibus
1055 4040 1528 4100 summum'pectus
1566 4046 1645 4088 te-

590 4115 795 4174 gebant.
854 4117 939 4164 De
973 4116 1134 4164 lorica
1169 4114 1284 4163 vide
1320 4113 1545 4176 Lipsium
1578 4115 1645 4164 (le

590 4188 781 4238 Militia
814 4189 1041 4242 Romana
1075 4205 1166 4243 ιιι.
1189 4195 1237 4241 6.
1307 4192 1437 4240 Sunt
1472 4198 1644 4242 autem

1714 2903 1778 2952 ad
1797 2906 1917 2952 talia
1935 2901 2196 2965 πλέγματα
2218 2902 2498 2965 respiciens
2523 2901 2622 2948 ait:
2647 2901 2665 2928 ‘
2679 2901 2767 2948 In·

1716 2987 1994 3044 cautosque
2019 2981 2225 3029 trahunt
2249 2978 2563 3026 macularum
2582 2977 2768 3024 vimine

1719 3053 1976 3116 thynnos!

1784 3133 1878 3177 166
1914 3129 2113 3176 Pectore
2132 3125 2346 3188 dividuo]
2393 3124 2596 3175 Horatii
2620 3132 2674 3174 et
2695 3125 2770 3174 0-

1720 3207 1843 3256 vidii
1873 3205 2116 3254 verbum:
2152 3206 2168 3232 ‘
2187 3205 2256 3254 Et
2287 3205 2409 3253 mihi
2442 3203 2652 3252 dividuo
2678 3204 2770 3252 fin-

1720 3285 1872 3333 detur
1893 3299 2104 3332 munere
2122 3283 2358 3347 quadra!
2393 3285 2409 3312 ‘
2425 3283 2620 3344 Insula,
2642 3282 2771 3331 divi-

1721 3359 1822 3408 dua
1846 3375 1998 3424 quam
2023 3358 2213 3422 premit
2239 3358 2397 3406 amnis
2419 3362 2582 3420 aqua?

1741 3493 1746 3498 ⁸
1785 3438 1875 3484 171
1932 3435 2023 3484 Ille
2080 3448 2250 3496 parem
2297 3435 2350 3481 in
2392 3447 2536 3496 gyros
2581 3433 2774 3481 brachia

1717 3509 1929 3574 spargit]
1970 3511 2103 3558 Male
2132 3523 2306 3570 pavens
2328 3507 2592 3555 substituit
2615 3509 2775 3556 Caro-

1721 3588 1818 3646 lus,
1857 3600 1972 3633 cum
2003 3599 2144 3646 pares
2181 3582 2454 3646 legendum
2491 3583 2578 3647 sit,
2611 3585 2772 3648 loqui·

1724 3670 1808 3710 tur
1854 3662 1990 3708 enim
2026 3661 2091 3708 de
2131 3666 2359 3707 natante.
2421 3659 2505 3706 Sic
2543 3662 2772 3708 Seneca:

1722 3735 2060 3798 ‘Spargenda
2102 3741 2184 3782 est
2229 3731 2446 3794 manus,'
2495 3734 2649 3798 epist.
2691 3739 2774 3784 29.

1721 3812 1874 3860 Silius
1895 3823 1969 3857 ix.
1991 3813 2006 3836 ⁴
2025 3806 2279 3857 scindunt
2297 3821 2350 3856 se
2369 3814 2571 3870 turum,
2591 3809 2777 3872 praedi-

1722 3889 1796 3937 cit
1829 3899 2072 3950 spargere
2109 3883 2338 3945 bellum,'
2369 3890 2425 3932 et
2455 3897 2556 3932 vn.
2601 3884 2778 3946 ‘spar-

1725 3970 1929 4028 gentem
1962 3961 2015 4009 in
2041 3960 2254 4010 vulnera
2285 3958 2675 4032 saevos-Fraude
2699 3956 2779 4007 fn·

1724 4055 1801 4102 gae
1826 4037 2080 4096 calamos,’
2100 4050 2142 4085 1.
2180 4037 2196 4063 ‘
2216 4036 2336 4087 Qua
2356 4033 2545 4098 sparsit
2565 4031 2780 4098 serrum,

1726 4116 1862 4167 latus
1879 4116 2032 4165 rubet
2049 4129 2254 4180 aequore
2274 4115 2462 4166 limes.'
