3173 4957
590 373 726 438 494

824 386 1132 437 Josm’m
1182 384 1435 433 iscam
1486 384 1585 433 DE
1632 384 1872 433 BELLo
1916 383 2260 433 TROJANO
2314 385 2455 433 mn.
2503 386 2606 436 {V-

600 532 935 597 Providus
953 530 1271 596 AEacides
1302 530 1498 593 cultis
1524 528 1812 592 insidere
1835 504 2091 609 regnis:

598 634 681 697 In
714 634 941 698 sulcos
969 634 1201 697 laxare
1228 632 1467 708 solum,
1488 632 1854 713 producere
1886 630 2134 711 frugeS‚

596 734 685 798 Et
711 735 919 798 missa
947 733 1168 796 socias
1196 732 1397 795 solari
1422 750 1642 795 messe
1673 730 2002 796 cohortes.

2653 735 2788 799 505

596 834 715 900 Sic
744 836 1023 921 paribus
1050 834 1273 919 virge-et
1304 834 1541 911 titulis,
1572 852 1728 896 cum
1758 832 1846 897 ad
1868 833 2106 914 praelia
2132 834 2332 899 donet

596 942 724 1005 Ille
756 938 926 1011 dies,
951 934 1498 1019 ipsiqueananus.
1585 934 1764 999 Haec
1790 934 1969 998 fatus
1999 934 2322 1013 Achilles,

592 1039 707 1104 Ad
738 1039 1019 1101 Danaos
1050 1040 1345 1098 maturat
1370 1035 1512 1112 iter,
1544 1035 1662 1098 sed
1693 1040 1962 1099 venerat
1985 1039 2136 1097 aute

596 1141 760 1205 Dux
790 1138 1069 1201 Ithacus
1094 1136 1343 1200 bellum
1374 1136 1684 1212 referens»,
1712 1155 2081 1218 pacemque
2105 1141 2410 1217 negatam

596 1239 911 1317 Nuntiat3
943 1244 1337 1319 aegrescunt,
1367 1237 1916 1319 indignanturque
1950 1237 2264 1317 Pelasgi:

2651 1239 2783 1303 510

596 1341 787 1405 Bella
817 1346 1075 1422 petunt,
1103 1338 1381 1401 haesisse
1411 1338 1660 1415 dolent,
1689 1344 1755 1402 et
1784 1338 2131 1401 frondibus
2158 1336 2392 1401 hostes

596 1441 923 1506 Palladiis
954 1445 1245 1504 tentasse
1274 1439 1523 1521 pudet:
1560 1439 1706 1522 jam
1736 1440 1944 1503 libera
1969 1438 2190 1521 major

595 1544 822 1607 Laxat
847 1542 1055 1605 fiaena
1073 1541 1301 1604 furor:
1346 1540 1644 1605 stimulat
1670 1540 1951 1603 Bellona
1980 1541 2320 1603 volentes:

594 1642 789 1709 Mars
818 1644 996 1724 cogit
1023 1640 1297 1705 dubios:
1323 1642 1558 1739 Qus
1582 1661 1704 1725 per
1733 1648 1957 1705 castra
1981 1641 2264 1704 furentis
2359 1636 2378 1698 ἰ
2395 1653 2423 1693 r
2443 1626 2673 1728 {snm-³

597 1745 939 1828 Interpres
963 1744 1165 1808 animi
1196 1743 1449 1808 clamor
1477 1750 1710 1807 tonat:
1751 1762 1938 1805 arma
1965 1748 2352 1825 capessunt,

2642 1605 2668 1641 ζ

2653 1744 2784 1807 515

594 1844 806 1911 Arma
831 1846 1144 1921 fremunt,
1172 1850 1413 1927 augent
1441 1844 1726 1926 lituique
1754 1846 2072 1927 tubaeque
2101 1843 2476 1920 tumultum,

595 1948 685 2012 Et
710 1947 1128 2031 responsuris
1158 1947 1435 2010 invitant
1459 1946 1746 2009 vocibus
1775 1944 1984 2009 Echo.

682 2049 858 2113 Isset
886 2050 956 2111 in
984 2048 1237 2111 Iliacos
1268 2048 1508 2111 classis
1539 2046 1872 2129 Pelopeia
1899 2053 2137 2130 portus

598 2150 762 2215 Non
791 2154 1151 2232 expectata
1178 2149 1377 2213 venia
1402 2147 1644 2212 ducis:
1691 2156 1764 2213 at
1792 2148 2138 2212 nocituras

598 2250 764 2315 Nox
793 2251 1007 2313 nectit
1034 2250 1259 2314 vicina
1288 2269 1534 2325 moras,
1563 2230 2019 2331 humilemque
2048 2257 2326 2332 soporat

599 2352 1008 2437 Decrepitus
1036 2353 1281 2417 Titana
1309 2353 1483 2430 dies,
1515 2359 1588 2416 et
1614 2353 1850 2417 anhela
1881 2356 2006 2418 sub
2037 2356 2256 2419 undas

598 2449 979 2519 Admittunt
1008 2453 1236 2519 radios
1254 2453 1567 2518 Atlantia
1593 2454 1823 2519 littora
1847 2454 2085 2522 fessoS.

1581 2636 1801 2687 NOTAE

666 2733 763 2778 504
798 2729 860 2778 In
902 2731 1055 2779 sulcos
1092 2733 1259 2780 laxare
1297 2730 1472 2792 solum]
1508 2733 1654 2796 Virg.

600 2805 714 2854 Ecl.
739 2819 817 2854 tv.
852 2807 867 2834 ‘
888 2807 1059 2854 telluri
1078 2805 1332 2856 infindere
1354 2807 1559 2856 sulcos-⁹

668 2885 763 2928 5⁰7
796 2881 887 2929 Ille
902 2881 1018 2936 dies,
1037 2881 1215 2943 ipsique
1228 2881 1417 2944 munus]
1434 2881 1658 2938 Μεταλή-

598 2958 681 3016 ψει
704 2955 852 3002 Diem
876 2970 968 3018 pro
999 2965 1287 3005 commeatu
1320 2972 1487 3021 sumo,
1510 2959 1662 3022 cujus

600 3029 854 3079 beneficio
878 3031 1006 3089 dies,
1041 3038 1243 3094 tempus
1265 3046 1453 3096 nempe
1477 3032 1660 3084 decem

604 3118 871 3166 annorum,
892 3103 955 3152 ad
980 3106 1183 3168 Trojam
1201 3121 1410 3156 manere
1429 3110 1660 3173 possint:

602 3178 686 3227 vel
708 3179 1103 3248 indeterminate
1136 3183 1262 3231 diem
1295 3197 1388 3245 pro
1426 3190 1662 3248 tempore

602 3255 779 3315 sumit,
800 3255 1031 3318 Trojanae
1058 3257 1311 3308 obsidioni
1336 3260 1531 3308 debito.
1586 3262 1664 3310 Ut

602 3330 754 3394 Virg.
792 3329 807 3356 ‘
826 3331 997 3380 Multa
1020 3331 1130 3381 dies
1165 3334 1455 3398 longusque
1476 3335 1661 3384 labor!

603 3405 675 3454 Et
691 3406 973 3462 Juvenalis,
995 3407 1010 3434 ‘
1030 3409 1207 3471 Longa
1230 3409 1338 3458 dies
1354 3411 1514 3473 igitur
1535 3411 1660 3474 quid

600 3481 825 3529 contulit
844 3480 889 3525 ?’

666 3561 764 3606 513
798 3557 1027 3608 Stimulae
1047 3559 1248 3608 Bellona
1268 3561 1501 3623 volentes]
1556 3562 1660 3610 Pa-

602 3634 715 3698 pin.
740 3633 930 3684 Achiu.
954 3637 969 3664 ‘
988 3636 1319 3701 stimulatque
1343 3639 1660 3700 Agamemno

604 3707 877 3759 volentes.⁹

668 3789 765 3835 51⁷
800 3787 871 3836 Et
904 3785 1194 3848 responsuris
1224 3787 1432 3836 invitant
1474 3788 1664 3838 vocibus

602 3861 761 3924 Echo]
776 3861 1021 3910 Paulinus
1038 3877 1053 3909 ε
1071 3860 1086 3887 ‘
1103 3861 1173 3908 Et
1196 3863 1514 3926 responsuris
1536 3863 1662 3915 ferit

606 3936 729 3985 aera
753 3937 957 3986 vocibus
979 3934 1182 3984 Amen.’

630 3997 646 4015 ⁰
670 4016 767 4060 520
800 4013 1133 4074 Humilemque
1166 4017 1354 4074 soporat
1378 4015 1668 4078 Decrepitus

607 4088 786 4136 Titum
830 4088 956 4150 dies]
1007 4089 1134 4138 Dies
1178 4088 1409 4137 nascitur
1463 4090 1664 4153 poe’tis3

607 4161 787 4229 itaque
809 4171 865 4214 et
888 4173 1027 4229 tyro,
1050 4172 1105 4215 et
1138 4173 1414 4215 veteranus
1436 4167 1543 4218 sive
1574 4168 1662 4216 de-

1716 4027 1718 4030 ’
1739 4017 1937 4079 pelire,’
1983 4024 1998 4047 ⁸
2019 4016 2280 4066 condere.’

1737 2733 1966 2796 crepitus
1988 2737 2088 2782 est.
2156 2733 2494 2784 Dracontius:
2525 2733 2650 2783 ‘sub
2669 2748 2788 2784 vere

1737 2798 1888 2864 novo,
1909 2809 2005 2857 sub
2029 2815 2262 2870 tempore
2283 2811 2464 2872 primo,
2481 2809 2588 2858 Sub
2608 2816 2787 2873 tyrone

1738 2883 1824 2931 die
1858 2890 2104 2934 veterana
2124 2885 2175 2932 in
2199 2886 2355 2934 saecla
2377 2884 2624 2948 paratus?
2667 2885 2788 2932 Fes-

1737 2966 1854 3011 tus:
1879 2962 1895 2988 ‘
1915 2961 2211 3022 decrepitus
2233 2969 2314 3011 est
2333 2961 2658 3026 desperatus,
2678 2976 2789 3010 cre·

1738 3051 1865 3100 pera
1895 3038 2006 3101 jam
2035 3038 2172 3088 vita:
2214 3047 2270 3086 ut
2293 3039 2674 3102 crepusculum,
2697 3051 2786 3084 ex-

1737 3118 1954 3162 tremum
1979 3111 2081 3160 diei
2115 3111 2356 3174 tempus!
2419 3112 2653 3174 Scaliger
2685 3109 2789 3159 κνέ-

1737 3193 1833 3248 φας
1856 3187 1908 3236 in
1931 3189 1946 3214 ‘
1963 3187 2175 3251 crepus’
2197 3196 2252 3235 et
2274 3186 2698 3252 ‘crepusculum,'
2730 3193 2790 3236 ut

1739 3261 1934 3313 κνίσπος
1956 3263 2006 3310 in
2027 3266 2041 3291 ‘
2064 3264 2290 3326 crispum
2313 3264 2324 3283 ³
2345 3270 2600 3312 mutatum
2626 3269 2792 3325 putat,

1738 3347 2014 3387 comment.
2033 3337 2084 3386 in
2101 3339 2372 3387 Catalecte
2390 3355 2442 3400 p.
2459 3343 2570 3387 190.
2595 3340 2791 3387 Itu‘so-

1739 3414 1836 3461 lem
1862 3413 2117 3462 adultum'
2143 3404 2418 3462 Petronius
2445 3414 2662 3463 Arbiter
2680 3415 2793 3470 dix-,-

1740 3488 1803 3548 it,
1821 3495 1880 3536 ut
1902 3487 2114 3537 Tacitus
2132 3487 2148 3515 ‘
2164 3495 2396 3536 aestatem
2419 3487 2687 3536 adultam?
2707 3489 2793 3536 Ita

1742 3562 1948 3624 Plauto,
1991 3571 2006 3593 ‘
2024 3563 2134 3612 dies
2157 3563 2402 3619 oculata,'
2439 3563 2569 3612 ‘diei
2591 3563 2791 3612 umbili-

1741 3639 1871 3702 cu8,'
1891 3640 1906 3667 ‘
1921 3639 2031 3688 dies
2048 3638 2196 3702 abit,’
2213 3640 2229 3668 ⁸
2246 3638 2354 3687 dies
2377 3638 2794 3703 tabescit‚'quasi

1735 3730 1912 3772 senex,
1930 3723 1985 3764 et
2004 3717 2212 3765 Lucret.
2253 3723 2269 3746 ‘
2289 3716 2540 3764 Crescere
2565 3719 2792 3779 itemque

1738 3789 1847 3838 dies
1871 3790 1994 3838 licet
2031 3797 2085 3838 et
2117 3789 2388 3839 tabescere
2424 3790 2642 3840 noctes!
2707 3791 2795 3838 Ita

1737 3870 1751 3891 ‘
1776 3865 2009 3914 lacerare
2035 3863 2208 3920 diem:
2246 3863 2262 3892 ‘
2279 3864 2618 3924 excruciare‚'
2636 3865 2652 3892 ‘
2671 3878 2796 3913 con-

1739 3941 1945 4003 terere,'
1979 3942 1995 3968 ‘
2014 3941 2361 4004 comburere,'
2382 3943 2398 3970 ‘
2417 3939 2653 4002 sumere,'
2679 3942 2695 3968 ‘
2711 3956 2794 3989 se-

2355 4017 2488 4066 Vide
2517 4016 2682 4066 Taub.
2727 4017 2794 4066 ad

1741 4093 2006 4158 Plautum,
2050 4101 2108 4142 et
2153 4092 2377 4142 Palmer.
2423 4105 2550 4142 xm.
2586 4107 2640 4156 p.
2682 4095 2794 4140 844.

1737 4172 1837 4218 dcc.
2011 4183 2014 4188 ·
