3173 4957
602 437 732 506 5⁵0

1386 449 1692 498 Josm’m
1741 447 1992 498 lscAm

608 598 831 665 Unam
860 615 1067 681 passa
1096 614 1385 673 manum,
1407 614 1544 658 non
1572 594 1788 658 ferrea
1815 600 2009 657 scuta
2040 592 2398 675 superbum

607 697 939 764 Velavere
967 697 1169 774 latus,
1192 697 1343 774 ⁴sive
1371 697 1493 760 has
1514 697 1772 761 bellare
1804 703 2121 778 proterva

612 800 775 866 Non
806 800 953 867 tulit
978 800 1076 864 ira
1104 817 1348 876 moras,
1377 818 1501 863 seu
1541 799 1681 863 lato
1711 797 2004 881 pectoris
2034 795 2193 859 orbe

612 899 701 964 Se
720 905 929 966 totum
961 901 1237 965 latuisse
1262 904 1484 964 ratus:
1529 900 1631 964 sic
1659 900 1857 965 saevit
1884 898 2168 974 inermiS‚

614 1002 728 1067 Sic
754 1002 993 1086 premit
1021 1007 1351 1067 armatos:
1394 1009 1684 1066 maturat
1711 1000 1850 1065 fata
1881 999 2233 1063 cadentum

609 1102 879 1179 Terror,
901 1110 969 1166 et
996 1103 1257 1186 ignavis
1279 1123 1461 1167 mors
1491 1110 1598 1167 est
1627 1102 1880 1166 vidisse
1907 1101 2262 1165 furentem.

615 1203 822 1268 Hunc
852 1205 1051 1269 Paris
1079 1205 1359 1271 intuitus
1388 1205 1663 1288 paulum
1692 1205 1921 1280 haeret,
1943 1221 2024 1267 an
2057 1220 2214 1266 ense
2244 1205 2581 1282 sequatur,

615 1303 729 1368 An
750 1304 1015 1388 jaculo:
1047 1308 1318 1372 tandem
1347 1307 1686 1390 Gortynia
1715 1304 1849 1370 tela
1891 1321 2260 1379 resumens,

620 1405 760 1496 Hic
790 1408 952 1489 quia
983 1414 1166 1473 certa
1193 1427 1451 1485 manus,
1481 1415 1550 1473 et
1579 1425 1913 1490 nunquam
1940 1402 2142 1470 surda
2165 1401 2440 1477 volenti,

2667 1400 2800 1465 510

621 1506 959 1592 Corython
982 1509 1216 1574 viduat
1244 1529 1425 1586 arcu,
1455 1510 1966 1593 pharetramque
1999 1505 2305 1589 sagittis3

621 1605 870 1674 Arcum
900 1611 1077 1677 laeva
1098 1613 1362 1694 premit,
1390 1611 1672 1675 intendit
1701 1608 1978 1675 dextera
2007 1626 2302 1682 nervum,

623 1707 931 1793 Utraque
960 1714 1309 1796 suspendit
1336 1714 1569 1791 telum,
1601 1712 2032 1795 insidensque
2064 1709 2323 1791 sagittae

614 1809 885 1885 ‚Ductor
903 1812 971 1876 in
1000 1819 1353 1895 angustum
1380 1814 1568 1879 visus
1600 1813 1779 1876 coit:
1826 1813 1968 1877 ibat
1995 1809 2251 1876 arundo

625 1910 808 1976 Hinc
835 1914 1072 1995 pennis
1098 1920 1336 1998 pectus
1367 1919 1666 1994 tangens,
1696 1913 1851 1977 hinc
1883 1912 2160 1995 cuspide
2187 1911 2426 1974 laevam
2456 1925 2472 1967 ε

2673 1906 2808 1970 515

622 2011 911 2095 Jamque
939 2033 1205 2080 emensa
1230 2017 1476 2098 fugam,
1504 2017 1696 2080 lateri
1722 2015 2036 2080 insidiata
2066 2012 2352 2088 sinistro,

624 2113 792 2197 Ipsa
818 2122 1035 2180 morte
1061 2117 1323 2198 madet;
1366 2118 1483 2180 sed
1512 2116 1734 2199 juncti
1759 2118 2006 2198 frigora
2032 2114 2152 2179 leti

627 2213 741 2278 Ira
771 2215 1005 2280 ardens
1034 2219 1272 2294 nescit,
1304 2218 1540 2295 donec,
1571 2217 1724 2280 fuso
1755 2216 1963 2291 hoste,
1989 2213 2268 2278 furentis

628 2311 859 2378 Ultrix
887 2322 1253 2399 tempestas
1282 2318 1482 2382 animi
1510 2319 1756 2381 satiata
1786 2315 2092 2399 quiescit.

630 2413 749 2478 Sic
781 2416 1053 2483 dextros
1082 2419 1152 2483 in
1180 2424 1341 2487 vota
1374 2419 1585 2499 DeoS,
1631 2419 2013 2501 alternaque
2041 2415 2182 2482 fata

2679 2413 2809 2478 52⁰

1613 2584 1828 2636 NOTAE

692 2697 788 2744 ⁶⁰4
821 2694 1051 2765 Seu-loto
1086 2698 1287 2759 pectoris
1304 2699 1414 2747 orbe
1437 2699 1498 2745 Se
1530 2703 1681 2745 totum

629 2769 822 2819 maine
836 2768 991 2831 mas]
1026 2770 1235 2833 Mugilis
1256 2773 1366 2822 haec
1383 2778 1463 2821 est
1484 2771 1684 2835 ineptia

632 2848 687 2893 et
722 2844 1142 2901 struthiocameli,
1173 2846 1260 2909 qui
1286 2847 1461 2908 capite
1498 2853 1683 2909 operto

632 2916 800 2967 credit
827 2919 1014 2981 latere,
1032 2933 1148 2982 quaa
1172 2934 1273 2969 non
1306 2921 1419 2983 ipse
1444 2921 1602 2980 videt,
1625 2928 1684 2971 nt

631 2991 905 3041 claudian.
924 3005 988 3041 n.
1020 2994 1071 3040 in
1094 2994 1401 3059 Eutropium
1441 2996 1683 3061 loquitur.

631 3064 769 3113 Vide
794 3065 1091 3129 Oppianum
1118 3068 1351 3119 Halieut.
1366 3085 1441 3120 ιν.
1464 3077 1644 3134 p-630.

696 3138 818 3201 510]
841 3140 987 3190 Certo
1012 3156 1191 3207 manns,
1212 3148 1259 3191 et
1287 3159 1523 3208 nunquam
1542 3148 1686 3197 surda

633 3214 831 3278 ooknti]
865 3215 950 3265 Sic
972 3223 1112 3275 ante,
1146 3220 1162 3246 ‘
1182 3219 1325 3269 surdi
1361 3227 1476 3270 rota
1499 3229 1686 3284 praete·

633 3290 704 3342 rit
722 3290 868 3341 axis?
930 3293 1147 3344 Homeri
1183 3305 1263 3345 est
1298 3298 1601 3360 metaphora
1620 3298 1688 3351 11.

632 3374 694 3417 Δ.
728 3366 900 3429 Κοφδν
937 3368 1029 3433 γὰρ
1060 3368 1206 3425 βέλος
1238 3370 1401 3436 ἀνδρὸς
1438 3372 1689 3424 ἀνάλκιδος

636 3443 914 3493 οὐτιδανοῖο.
980 3444 1221 3507 Propert.
1254 3456 1270 3477 ‘
1294 3448 1461 3512 Ipsius
1488 3449 1581 3498 tibi
1619 3451 1688 3498 sit

634 3520 791 3587 surda
810 3521 923 3570 siue
944 3528 1057 3570 arte
1093 3522 1239 3586 lyra?
1261 3539 1339 3574 tv.
1363 3523 1554 3589 Papin.
1588 3539 1686 3579 XV.

635 3598 651 3626 ‘
670 3605 725 3648 et
748 3597 929 3647 surdos
952 3600 1169 3662 expedit
1188 3602 1373 3651 arcns.'
1436 3604 1451 3630 ‘
1466 3604 1690 3654 Surdum

636 3672 913 3739 figurarum
967 3676 1277 3726 discrimen?
1364 3678 1565 3727 Plinius
1621 3680 1690 3729 de

638 3752 821 3800 statuis
844 3751 898 3801 in
920 3751 1133 3801 alterins
1155 3751 1395 3803 honorem
1422 3754 1689 3819 transfigu-

635 3827 779 3877 ratis.
843 3828 997 3878 Silius
1020 3842 1078 3879 x.
1113 3828 1129 3855 ‘
1151 3820 1386 3878 votorum
1410 3830 1550 3886 haud
1583 3846 1695 3881 sur·

637 3902 705 3951 da
740 3916 967 3952 meorum
998 3904 1159 3953 Arma
1196 3905 1366 3953 electa
1396 3904 1575 3953 dicat-⁹
1614 3919 1695 3955 xx.

636 3980 653 4005 ‘
678 3978 1008 4041 Flagrantem
1041 3987 1100 4029 ut
1143 3978 1273 4029 vidit
1300 3980 1547 4043 juvenem
1591 3997 1696 4031 sur-

636 4054 861 4118 dumque
887 4052 1093 4103 timori.’

702 4132 798 4176 511
826 4128 1065 4193 Gor-ymon
1077 4130 1239 4179 vidua!
1255 4132 1392 4196 arcu]
1413 4132 1598 4196 Papin.
1611 4148 1695 4185 ιι.

640 4200 656 4228 ‘
682 4201 973 4252 coeiestibus
1015 4205 1198 4267 implet
1241 4207 1505 4271 Corython
1544 4200 1712 4260 telis?⁵

644 4277 950 4328 Luctatius:
999 4278 1287 4343 ‘Gorythos
1332 4285 1485 4335 theca
1529 4300 1698 4350 arcus,

1757 2698 2003 2759 pharetra
2044 2693 2364 2756 sagittarum,
2406 2706 2586 2755 sagma
2637 2691 2809 2742 scuti.'

1759 2771 2013 2835 Papinius
2044 2770 2098 2819 id
2129 2768 2383 2833 neglexit,
2419 2768 2616 2817 Noster
2635 2766 2814 2819 obser-

1763 2852 1874 2896 vat.
2693 2870 2698 2872 -

1824 2926 1920 2971 51⁷
1956 2920 2068 2985 Ipsa
2096 2924 2246 2970 morte
2278 2917 2458 2981 madet]
2487 2918 2631 2982 Ajax
2670 2916 2812 2967 αὑτό·

1761 3012 1868 3062 χειρ
1892 2998 2067 3047 multis
2093 2996 2296 3047 Graecis
2319 3002 2375 3045 et
2395 2993 2590 3045 Latinis
2611 2995 2814 3057 procla-

1763 3081 1952 3135 matus,
1983 3072 2120 3139 quod
2153 3071 2299 3135 pueri
2330 3070 2522 3120 sciunt.
2585 3067 2815 3119 Quidam

1765 3157 1938 3199 tamen
1973 3150 2024 3198 in
2065 3149 2322 3198 diversam
2356 3153 2556 3209 partem
2585 3143 2818 3203 abenntg

1763 3227 1897 3277 bene
1921 3226 2081 3291 gnari
2113 3225 2326 3275 Graecos
2361 3222 2465 3271 suis
2502 3219 2740 3269 laudibus
2761 3225 2818 3269 et

1765 3317 1932 3352 scenae
1977 3303 2192 3351 multum
2231 3297 2469 3348 dedisse:
2507 3295 2562 3346 id
2608 3294 2818 3345 abunde

1766 3379 2031 3443 Sophoclis
2074 3376 2329 3440 interpres
2366 3374 2534 3425 innuit
2569 3374 2625 3423 in
2667 3388 2820 3435 argu·

1767 3461 1942 3503 mento
1974 3453 2152 3516 Ajacis
2185 3451 2387 3501 iorariiz
2423 3450 2638 3514 primum
2679 3450 2821 3499 euim

1767 3544 1832 3579 ex
1857 3530 2068 3579 aliorum
2093 3527 2330 3591 opinione
2357 3542 2388 3577 a
2413 3524 2596 3576 Paride
2619 3526 2820 3575 saucia·

1770 3612 1897 3669 tum,
1933 3606 2248 3668 multumque
2282 3603 2580 3667 sanguinem
2619 3602 2822 3659 stillan-

1769 3689 1875 3732 tem
1897 3682 1962 3731 ad
1980 3694 2134 3731 naves
2152 3679 2476 3729 contendisse
2499 3678 2573 3726 ait
2589 3694 2606 3727 ς
2628 3676 2820 3725 deinde

1769 3760 1879 3809 luto
1896 3758 2133 3807 obrutum
2157 3756 2434 3809 interiisse,
2447 3768 2562 3803 cum
2584 3751 2727 3803 ferro
2742 3752 2820 3802 in-

1772 3832 2100 3882 vulnerabilis
2119 3838 2276 3882 esset.
2325 3829 2490 3878 Addit
2507 3830 2666 3878 etiam
2681 3828 2819 3891 qnod

1766 3908 1868 3975 huc
1887 3915 2109 3971 spectat,
2139 3913 2334 3956 tantum
2370 3905 2420 3953 in
2456 3905 2622 3954 latere
2644 3904 2822 3953 vnlne-

1769 3985 1871 4033 rari
1898 3981 2144 4048 potuisse,
2162 3993 2377 4045 corpore
2400 3981 2601 4044 reliquo
2623 3978 2825 4028 Hercu·

1766 4060 1831 4107 lis
1854 4060 2055 4109 leonina
2077 4059 2303 4107 intecto=
2333 4057 2476 4120 'quod-
2500 4056 2656 4105 etiam
2681 4054 2818 4119 apud

1770 4138 2140 4187 Philostratum
2174 4133 2362 4197 legitur
2397 4148 2449 4196 p.
2473 4136 2591 4183 691.
2631 4133 2685 4183 in
2709 4130 2819 4183 He·

1770 4226 1941 4261 rolens.
