3173 4957
899 421 996 468 nr.
1043 421 1281 468 nunno
1329 422 1671 470 'monuo
1722 425 1865 471 ms.
1909 426 1991 472 11.
2401 411 2533 474 405

352 548 460 625 En
488 579 661 638 araS,
693 580 779 624 en
807 561 1000 627 thura
1027 562 1150 625 tibi
1181 563 1559 626 communia
1591 569 1884 646 poscunt
2444 565 2533 628 25

354 663 674 728 Nutrices
705 663 1034 727 scelerum
1069 663 1330 727 Furiae:
1377 665 1731 748 noctisque
1762 671 2079 747 tyrannos

358 767 651 830 Exorare
675 766 918 850 jubent
944 766 1189 830 coelum
1217 765 1390 829 inter
1419 767 1669 830 moenia
1699 767 2025 842 clausum,

359 867 692 932 Concives
721 868 1036 931 habuisse
1070 867 1282 930 Deos.
1367 867 1547 930 Hem
1575 868 1829 950 linquet
1856 869 2145 932 inultum

357 969 757 1052 Tisiphone,
788 956 1061 1050 regique
1090 986 1218 1030 suo
1249 968 1502 1032 cultore
1534 976 1803 1050 negate,

358 1071 579 1150 Quam
611 1070 794 1134 dedit
818 1070 1142 1134 invidiam
1170 1068 1500 1151 Phrygius
1531 1069 1693 1135 luet.
1786 1072 1965 1136 Ecce
1996 1072 2345 1156 profundis
2450 1074 2537 1138 30

359 1172 683 1237 Curarum
711 1170 904 1234 furiis
933 1171 1247 1253 vigilique
1277 1170 1570 1252 impulsa
1602 1172 1829 1240 dolore

361 1273 562 1338 Mens
592 1273 929 1337 Priamum
950 1273 1024 1336 in
1053 1272 1318 1336 diversa
1346 1274 1584 1338 trahit:
1618 1295 1791 1339 nunc
1824 1277 2047 1340 Marte
2070 1275 2372 1359 reposcit

363 1376 761 1452 Hesionem,
789 1393 964 1437 nunc
993 1375 1170 1438 bella
1197 1375 1406 1440 timet.
1495 1377 1841 1443 Sententia
1871 1379 2131 1443 tandem

364 1478 619 1541 Fortior
645 1477 834 1540 inniti
866 1475 1203 1558 precibuS,
1234 1483 1492 1541 tentare
1520 1478 1846 1562 Pelasgos

363 1578 723 1642 Blanditiis
737 1577 764 1643 ἐ
807 1597 972 1642 voce
999 1578 1127 1641 hac
1153 1581 1440 1660 legatum
1473 1578 1811 1648 Antenora
1839 1583 2095 1646 demum
2452 1579 2541 1642 35

364 1681 662 1758 Instruit,
695 1688 766 1743 et
791 1700 1002 1764 parvo
1030 1681 1282 1744 claudit
1309 1681 1629 1746 mandata
1654 1684 1900 1748 libello.

453 1783 825 1857 Hactenu3‚
855 1782 1081 1845 invicti
1113 1802 1270 1864 gens
1302 1783 1665 1865 imperiosa
1697 1784 1989 1866 Pelasgi,

367 1884 672 1948 Libertas
704 1883 892 1947 Asiae
923 1883 1127 1946 nullis
1156 1903 1481 1948 concussa
1506 1886 1775 1967 vigebat

369 1984 697 2049 Casibus:
743 1984 984 2047 invidit
1009 1983 1282 2048 solitum
1309 1983 1576 2049 fortuna
1604 1985 1930 2067 favorem,

369 2088 460 2151 Et
487 2105 699 2150 rerum
733 2085 1024 2149 decrevit
1053 2105 1271 2168 apex:
1317 2087 1544 2150 verum
1576 2087 1878 2152 Hercule
1907 2089 2089 2154 vinci
2459 2087 2545 2150 40

367 2190 598 2270 Turpe
627 2189 866 2264 minuS,
896 2194 1217 2271 tantoque
1247 2188 1431 2252 leves
1462 2195 1735 2254 auctore
1763 2191 1997 2254 ruinae.

371 2290 575 2354 Nunc
606 2291 768 2373 quia
797 2290 1110 2354 conciliat
1136 2289 1415 2353 humiles
1441 2287 1662 2366 favor,
1692 2311 1871 2355 exuo
1900 2311 2146 2372 regem,

371 2389 453 2454 ln
482 2394 757 2456 miseras
787 2390 1119 2454 descendo
1149 2410 1419 2472 preces:
1467 2392 1567 2455 sic
1602 2392 1797 2457 India
1827 2393 2190 2470 Bacchum,

1277 2604 1644 2623 ΝΜΟΝΟ

1351 2736 1565 2787 NOTAE

440 2870 502 2915 25
543 2868 619 2915 En
654 2880 784 2927 aras,
819 2881 875 2917 en
911 2867 1053 2915 thura
1089 2863 1202 2926 tibi]
1235 2865 1298 2915 In
1334 2877 1425 2917 ora
1503 2866 1697 2916 habeto
1729 2866 1937 2930 Mortis,
1959 2865 2024 2915 ab
2054 2862 2287 2915 AEmonio
2318 2860 2453 2927 quod
2489 2861 2559 2913 sis

376 2946 491 2989 erat
512 2943 528 2967 ‘
548 2938 676 3000 sibi:
707 2936 841 3003 quod
864 2939 1058 2985 melius.
1493 2940 1767 3004 jugulatus
1790 2939 2028 2990 Achille?
2070 2940 2157 2989 Sic
2170 2939 2317 3001 Vir-g.
2350 2936 2557 2987 ‘AEnen

438 3019 502 3065 27
530 3015 709 3063 Coelum
729 3014 856 3063 inter
873 3012 1287 3073 moeuia‘clausum,
1304 3011 1425 3059 Con·
1505 3030 1693 3080 magna
1734 3015 1921 3067 dextra
1960 3015 2142 3078 cadis:
2164 3028 2221 3065 x.
2285 3012 2372 3063 Ita
2404 3019 2461 3061 et
2482 3026 2558 3062 vi.

378 3091 504 3139 cives
525 3091 736 3139 habuisse
758 3090 913 3153 Deos]
944 3088 1103 3139 Refer
1126 3091 1189 3139 ad
1223 3088 1280 3137 τὸ
1307 3088 1322 3115 ⁶
1338 3090 1426 3151 ju·
1507 3096 1621 3141 198.
1644 3094 1659 3120 ‘
1675 3091 1950 3157 Tantoque
1970 3091 2065 3139 sub
2078 3091 2229 3139 hoste
2248 3088 2392 3139 Nulli
2408 3095 2561 3151 turpe

380 3166 554 3215 bentz'
589 3168 672 3215 vel
724 3167 774 3215 in
810 3181 917 3229 seq.
961 3180 1112 3215 versu
1151 3166 1288 3229 lege,
1329 3168 1429 3213 ‘an
1508 3167 1950 3231 mori-'Capaneus
1965 3164 2562 3230 spndPapin.Theb.1x.

381 3242 581 3306 linquet
619 3244 836 3292 inultum
872 3242 1187 3307 Tisiphone,’
1224 3251 1279 3291 et
1312 3254 1431 3289 con·
1512 3242 1634 3305 ‘ego
1656 3241 1877 3291 uulneris
1900 3248 2100 3301 auctor,
2118 3242 2294 3291 Laetus
2318 3239 2566 3303 abi,mul-

373 3318 539 3381 junge
573 3333 690 3367 cum
728 3318 1002 3381 prioribus,
1025 3318 1264 3367 concives
1291 3329 1430 3365 nem·
1513 3320 1725 3379 tumque
1743 3317 1853 3363 aliis
1868 3316 2159 3379 jactantior
2176 3312 2403 3363 umbris?
2469 3313 2566 3361 Isi-

385 3410 447 3459 pe
472 3396 612 3445 Deos
633 3398 816 3444 coelum
843 3395 988 3458 quasi
1021 3393 1270 3443 monibus
1295 3393 1433 3441 clau·
1514 3390 1643 3441 doro
1662 3391 1839 3441 Pelus.
1861 3403 1934 3439 w.
1965 3390 2065 3454 Ep.
2083 3394 2166 3441 27.
2200 3386 2329 3454 φέρει
2347 3386 2443 3451 γάρ
2458 3405 2570 3437 ,τινα

383 3484 492 3519 snm
515 3472 651 3520 solos
675 3469 980 3525 inhabitare,
1010 3469 1178 3518 Furiis
1195 3468 1435 3517 exclusis.
1513 3464 1787 3529 φιλοτιμίαν
1806 3467 1907 3514 τοῖς
1928 3464 2281 3529 κεκρατημένοις
2314 3463 2345 3525 ἡ
2376 3467 2471 3513 τῶν
2490 3462 2567 3515 κέ·

383 3546 461 3595 Εο
483 3546 610 3595 facit
645 3561 718 3595 vs.
741 3550 792 3595 7.
1515 3540 1818 3607 κρατηκότων
1832 3541 2057 3605 ὑπεροχή.
2162 3587 2169 3593 .

447 3626 514 3670 29
547 3620 761 3683 Regiqtoe
780 3635 862 3669 suo
883 3621 1059 3670 cultore
1079 3620 1275 3685 negato]
1311 3619 1436 3669 Plu·
1584 3624 1649 3670 42
1670 3620 1813 3669 Nunc
1836 3620 1947 3685 quia
1962 3618 2181 3668 conciliat
2202 3614 2573 3679 humilessavor]

387 3697 516 3747 toni·
1265 3734 1274 3743 ·
1516 3698 1665 3749 Idem
1690 3712 1807 3747 cum
1822 3697 1920 3745 isto
1938 3696 2149 3745 Seneca
2164 3693 2413 3743 Thebaid.
2444 3694 2459 3719 ‘
2478 3691 2578 3741 Mi-

449 3776 516 3823 40
561 3770 734 3821 Verum
771 3771 979 3823 Hercule
1011 3772 1138 3821 vinci
1164 3773 1318 3835 Turpe
1349 3771 1439 3821 mi·
1518 3790 1662 3825 seros
1715 3774 1873 3837 magis
1907 3772 2118 3823 fortuna
2161 3769 2404 3821 conciliat
2438 3765 2575 3819 suis?

389 3864 494 3912 nus,
515 3854 736 3912 tantoque
769 3850 892 3897 leves
922 3854 1110 3897 auctore
1142 3848 1318 3911 ruinae]
1351 3849 1439 3899 Sic
1520 3851 1707 3915 Papiri.
1740 3863 1818 3897 iv.
1861 3848 2026 3899 Theb.
2076 3850 2197 3896 ‘seu
2236 3859 2363 3909 quos
2402 3849 2575 3892 movet

388 3926 562 3975 Tellus
587 3926 724 3989 apud
769 3922 927 3974 Ovid.
961 3928 974 3951 ⁸
1001 3923 1298 3987 clademque
1321 3940 1440 3973 auc·
1520 3926 1662 3987 exul,
1698 3932 1753 3975 et
1774 3926 1923 3974 haesit
1947 3923 2209 3973 Tristibus
2228 3928 2383 3970 aucta
2414 3916 2575 3967 fides-⁹

389 4011 502 4053 tore
526 4002 737 4068 levare,’
758 4013 814 4053 et
836 4016 898 4053 ιι.
932 4004 947 4029 ‘
974 4015 1274 4065 poenamque
1303 4001 1443 4051 leva·
1520 4000 1920 4061 Ψευδε-γέσιπος,
1942 4012 1982 4049 ι.
2006 4002 2021 4029 ‘
2042 3996 2343 4069 Alex-andro
2364 4009 2428 4042 ex
2452 3993 2577 4057 ipsis

390 4082 468 4128 vit
483 4079 803 4143 honore,’1x.
837 4079 1168 4141 ‘Magnaque
1191 4077 1280 4125 dat
1301 4078 1445 4127 nobis
1525 4092 1617 4125 sex
1656 4077 1815 4126 millia
1860 4087 1974 4123 sese
2028 4073 2394 4137 adjunxerant,
2436 4082 2577 4118 more

395 4160 568 4205 tantus
600 4155 784 4205 solatia
819 4152 1021 4206 victor.’
1043 4164 1151 4203 xu-
1185 4156 1200 4182 ‘
1227 4154 1450 4203 solamen
1527 4152 1747 4218 quodam
1770 4150 1975 4201 humani
2005 4148 2217 4213 ingenii,
2253 4144 2580 4211 astipulanti-
