3173 4957
564 395 696 461 382
1351 411 1659 459 rossem
1712 410 1965 459 iscam

567 558 725 623 Non
749 558 910 621 licet
943 555 1012 619 in
1043 560 1349 619 sanctum
1380 572 1532 617 cum
1567 554 2094 635 praeda'tendere
2124 561 2428 638 pontum.

567 660 721 723 Has
754 658 978 723 Notus
1000 656 1176 720 haud
1209 672 1454 738 passus
1484 674 1731 719 causas
1761 658 2007 719 instare
2036 657 2311 733 timoris,

565 761 922 843 Praeripuit
949 777 1176 834 voce8‚
1208 776 1324 820 nec
1351 758 1481 819 iter
1511 758 1848 821 concessit
1876 759 1942 821 in
1974 776 2188 821 aures.

651 859 950 943 Navigat
977 860 1314 923 auricomo
1343 858 1653 939 spoliatis
1681 858 1920 923 vellere
1951 857 2229 923 Colchis
2624 849 2757 921 185

566 962 814 1025 Praedo
844 967 1128 1044 potens:
1162 961 1514 1041 culpemne
1543 968 1751 1025 ratem
1784 979 1937 1042 quae
1964 962 2183 1043 prima
2210 979 2331 1043 per
2360 959 2579 1023 undas

561 1063 674 1127 Ad
705 1062 966 1128 facinus
994 1062 1226 1126 molita
1253 1063 1428 1141 viam
1457 1069 1659 1145 atque
1688 1061 1991 1144 Atropon
2024 1064 2266 1126 auxit't

563 1166 672 1228 An
705 1184 920 1230 causa
946 1165 1208 1247 potiore
1235 1163 1510 1245 probem
1532 1164 1562 1225 Ἰ
1608 1164 1753 1227 sine
1784 1164 2053 1244 remigis
2081 1183 2214 1227 usu

564 1266 727 1330 Non
754 1271 985 1329 nosset
1017 1263 1354 1345 Memphis
1387 1264 1703 1341 Romam,
1740 1284 1880 1327 non
1912 1266 2124 1331 Indus
2158 1266 2451 1341 Iberum,
2611 1337 2615 1340 ,

561 1366 723 1431 Νοιι
742 1366 991 1449 Scytha
1016 1364 1458 1448 Cecropiden,
1482 1385 1611 1429 non
1629 1374 1859 1429 nostra
1878 1367 2223 1430 Britannia
2247 1366 2536 1431 Gallum.
2624 1367 2752 1431 190

648 1468 918 1532 Primus
945 1467 1030 1530 ab
1061 1468 1370 1531 excubiis
1401 1474 1665 1531 montes
1688 1474 1955 1551 proreta
1988 1468 2320 1550 Pelasgos
2364 1500 2369 1507 ·

561 1570 915 1651 Anticipat
939 1566 1202 1632 salvere
1221 1570 1504 1651 jubens:
1551 1577 1623 1634 at
1644 1576 1862 1633 cetera
1895 1570 2108 1651 pubes

561 1672 928 1736 Remorum
963 1670 1246 1749 assurgit
1277 1669 1526 1746 studio,
1553 1670 1931 1752 victrixque
1963 1670 2193 1735 carina

557 1772 974 1836 Thessalicis
995 1769 1235 1840 reddit,
1265 1789 1436 1852 quos
1460 1771 1528 1833 in
1561 1771 1729 1835 freta
1764 1771 2071 1847 duxerat,
2104 1771 2304 1834 arvis·
2486 1787 2517 1803 ‘

647 1872 825 1951 Quis
855 1872 1078 1936 varios
1107 1877 1426 1935 memoret
1455 1872 1757 1954 plausus,
1788 1872 1939 1954 quis
1970 1871 2214 1953 gaudia
2246 1870 2426 1951 vulgi
2446 1874 2475 1934 'l
2617 1872 2751 1935 195

558 1976 635 2040 Si
667 1993 908 2057 parcus
937 1972 1315 2037 meminisse
1347 1973 1569 2049 velim,
1600 1973 1707 2036 vel
1736 1973 1913 2036 nolle
1942 1972 2163 2048 fateri,

558 2075 696 2140 Vel
725 2075 963 2137 seriem
986 2072 1118 2134 non
1150 2091 1350 2153 posse
1381 2079 1661 2153 putent3
1708 2074 1767 2134 si
1800 2072 2141 2153 prodiguS,
2162 2073 2346 2135 auris

561 2174 902 2239 Fastidita
931 2182 1131 2253 neget
1155 2171 1395 2235 faciles
1425 2172 1510 2235 ad
1543 2173 1809 2252 singula
1838 2180 2083 2235 nutus.·

561 2274 765 2338 Pelea
791 2274 1072 2336 miratur
1099 2271 1413 2335 reducem
1441 2272 1735 2347 Larissa,
1772 2270 2123 2353 Pylonque

561 2374 821 2439 Nestor
839 2374 1060 2450 habet,
1089 2371 1452 2437 Telamone
1487 2392 1611 2435 suo
1641 2371 1988 2436 Salamina
2020 2374 2367 2455 superbit:
2626 2370 2753 2435 200

1551 2667 1598 2715 N
1608 2666 1765 2716 OTAE

557 2809 684 2868 νηοῦ.
748 2809 942 2861 Juliani
969 2816 1201 2871 tempore
1220 2807 1520 2857 Christianis
1543 2806 1619 2852 in·
1699 2814 1802 2855 tem
1826 2807 1889 2857 de
1908 2807 2084 2870 repub.
2106 2806 2400 2856 Atheniens.
2420 2807 2755 2856 Plutarchum

475 2921 477 2923 ·
559 2885 875 2945 clamabant,
895 2886 1056 2932 ‘lotus
1079 2884 1258 2945 procul
1279 2882 1476 2929 absitct
1496 2895 1619 2929 unc·
1696 2882 1751 2930 in
1778 2881 1941 2940 Agide
1968 2890 2023 2931 et
2048 2882 2346 2941 Cleomene,
2366 2882 2451 2944 qni
2476 2883 2566 2943 ait,
2587 2881 2757 2944 πρότε-

559 2962 676 3010 tus?
709 2961 724 2987 ‘
747 2961 881 3009 Nam
905 2961 1024 3008 dum
1048 2960 1160 3008 Diis
1195 2959 1299 3007 suis
1335 2959 1621 3019 immolant,
1696 2953 1780 3018 ρόν
1802 2957 1906 3004 ἐστι
1928 2956 2015 3003 τοῦ
2046 2953 2258 3018 πρωρέως
2290 2955 2389 3018 (ita
2414 2957 2546 3004 enim
2582 2957 2756 3018 legen-

557 3037 600 3085 si
641 3036 824 3098 aliquis
865 3035 1072 3083 assistat
1107 3035 1355 3096 signatam
1396 3031 1619 3082 frontem
1698 3030 1818 3079 dum
1854 3031 2082 3094 videtur)
2105 3031 2161 3078 τὸ
2190 3033 2410 3094 φορῆσαι.
2481 3030 2755 3080 Nazianze—

557 3124 767 3172 εει-ειη,
788 3123 934 3157 sacra
968 3110 1108 3157 nullo
1146 3107 1296 3157 modo
1329 3106 1519 3170 litant,'
1541 3108 1616 3156 ait
1699 3121 1790 3154 nus
1824 3107 1978 3154 etiam
2014 3106 2215 3168 signate
2250 3107 2383 3154 illius
2418 3104 2641 3154 officinm
2666 3107 2755 3155 de-

562 3185 800 3234 Lactant.
824 3197 898 3232 lv.
919 3187 1002 3232 2⁷.
1698 3182 1879 3232 scribit
1905 3183 2003 3244 Ep.
2033 3179 2143 3230 12⁷.
2164 3183 2251 3246 qni
2276 3182 2416 3230 illum
2442 3182 2551 3241 νηὸς
2575 3181 2757 3242 baean·

623 3260 714 3305 191
753 3257 946 3308 Montes
957 3262 1146 3320 proreta
1162 3257 1413 3320 Pelasgos]
1447 3257 1500 3304 Is
1516 3255 1616 3306 fuit
1694 3257 1784 3320 μὸν
1802 3260 2051 3308 nominat.

556 3331 799 3396 Lynceus
823 3332 1049 3395 Apharei
1072 3331 1225 3394 filius,
1243 3331 1384 3396 Hyg.
1401 3331 1506 3380 fab.
1537 3336 1615 3382 14.
1761 3338 1875 3394 200
1896 3335 2143 3383 Telamone
2157 3348 2239 3380 suo
2258 3331 2501 3381 Salamina
2522 3334 2755 3397 superbit]

558 3406 778 3455 Plautus
811 3407 862 3455 in
905 3407 1164 3469 Rudente,
1199 3411 1213 3434 ‘
1239 3407 1293 3455 Si
1323 3416 1376 3455 tu
1413 3415 1622 3471 proreta
1701 3411 1791 3459 Sic
1830 3423 1892 3458 ιι.
1925 3415 1938 3436 ·
1962 3409 2235 3457 Salamina
2274 3409 2395 3457 ditis
2422 3409 2608 3456 alumni
2628 3408 2659 3470 ;’
2701 3415 2757 3456 et

558 3483 644 3532 isti
700 3483 818 3531 navi
864 3497 940 3545 es,
979 3498 1075 3546 ego
1128 3483 1443 3546 gubernator
1493 3482 1621 3532 ero.’
1702 3495 1903 3545 postea,
1940 3484 2032 3531 ‘in
2068 3489 2263 3547 portus,
2306 3484 2579 3543 Salamiua,
2604 3482 2757 3532 tuos-⁹

561 3555 801 3610 Proretae
841 3557 1014 3607 munia
1039 3556 1196 3604 habes
1231 3557 1370 3619 apud
1391 3557 1620 3607 'l'nrneb.
1702 3557 2076 3620 Metaplasmus
2106 3565 2205 3618 est,
2242 3565 2301 3607 ut
2333 3558 2471 3621 apud
2506 3558 2757 3620 sequioris

560 3639 874 3685 xxvm.43.
914 3633 1049 3698 apud
1092 3632 1249 3682 ovid.
1278 3646 1362 3681 ιιι.
1401 3634 1618 3680 Metam.
1702 3634 1879 3683 saeculi
1933 3635 2165 3696 Latinos,
2210 3634 2508 3697 Sphingem,
2554 3633 2758 3696 Gorgo·

559 3709 649 3758 ubi
669 3711 686 3738 ⁸
706 3724 877 3772 prorae
914 3709 1080 3758 tutela
1112 3706 1410 3754 Melanthus
1431 3704 1446 3727 ’
1469 3721 1620 3754 voca·
1703 3722 1839 3771 nam,
1858 3709 2169 3757 Eleusinum.
2204 3711 2288 3756 Sic
2305 3709 2519 3757 Orosius
2539 3722 2575 3756 ι.
2590 3713 2639 3758 7.
2672 3713 2687 3736 ‘
2707 3712 2759 3758 in

563 3789 678 3833 tur:
721 3784 848 3832 item
873 3783 1010 3845 apud
1033 3781 1276 3844 Xenoph.
1294 3781 1386 3830 lib.
1410 3795 1461 3830 v·
1507 3783 1621 3829 Me·
1701 3781 1885 3832 Attica
1908 3783 2165 3845 regnavit,
2188 3790 2243 3831 et
2262 3783 2555 3831 Eleusinum
2580 3782 2760 3831 condi·

562 3871 688 3906 mor.
702 3872 754 3920 p.
771 3862 884 3908 840.
898 3855 1260 3918 Aristophanis
1277 3855 1364 3902 illa
1382 3869 1447 3902 ex
1464 3855 1620 3918 Equi·
1704 3859 1812 3909 dit:
1838 3859 1921 3908 Its
1937 3859 2277 3923 Hieronymus
2292 3873 2446 3922 saepe,
2459 3860 2761 3922 Septimius,

563 3930 703 3979 fibuss
716 3933 816 3981 buc
827 3931 1051 3982 faciunt=
1072 3927 1265 3993 '1⁸2va
1279 3931 1449 3993 χρῆναι
1461 3933 1625 3994 πρῶτα
1704 3943 1757 3984 et
1772 3934 2011 3998 Hyginus
2030 3951 2043 3983 a
2061 3935 2181 3983 item
2195 3934 2230 3984 J
2236 3935 2429 3983 ustinus
2440 3937 2518 3982 44.
2535 3934 2551 3960 ⁴
2561 3933 2755 3983 Urbem

563 4005 802 4069 γενέσθαι,
821 4007 928 4072 πρὶν
949 4006 1194 4068 πηδαλίοις
1216 4009 1487 4070 ἐπιχειρεῖν,
1503 4005 1623 4056 Kar-³
1704 4011 1907 4059 nomine
1952 4011 2178 4075 antiquae
2226 4010 2403 4074 patrioe
2447 4007 2757 4059 Salaminam

565 4081 779 4130 ἐντεῦθεν
809 4086 1146 4148 πρωρατεῦσαι,
1176 4079 1254 4131 καὶ
1281 4081 1395 4132 τοὺς
1427 4082 1625 4143 ἀνέμους
1704 4085 2028 4136 condidisse.’
2078 4085 2302 4135 Messala
2323 4084 2595 4145 Corvinus,
2627 4083 2758 4133 ‘Te-

568 4158 828 4220 διαθρῆσαι,
850 4157 985 4207 Κᾶτα
1019 4161 1255 4223 κυβερνᾷν
1287 4157 1430 4207 αὐτὸν
1449 4160 1622 4222 {avi-6.
1706 4162 1892 4210 lamoni
1927 4161 2201 4210 Salaminae
2238 4159 2345 4224 regi
2365 4158 2396 4219 ς’
2432 4159 2587 4222 paulo
2621 4167 2757 4224 post,

568 4231 701 4281 vide
737 4233 1000 4282 Pollucem
1039 4249 1140 4283 vn.
1161 4238 1244 4285 83.
1286 4235 1626 4297 -Χειιορὶιοιι-
1706 4235 1722 4263 ‘
1744 4236 1944 4286 Teucer
1967 4236 2273 4286 Salaminam
2296 4233 2565 4284 condidit!
