<?xml version="1.0" encoding="UTF-8"?>
<!DOCTYPE html PUBLIC "-//W3C//DTD XHTML 1.0 Transitional//EN"
    "http://www.w3.org/TR/xhtml1/DTD/xhtml1-transitional.dtd">
<html xmlns="http://www.w3.org/1999/xhtml" xml:lang="en" lang="en">
 <head>
  <title>
</title>
<meta http-equiv="Content-Type" content="text/html;charset=utf-8" />
  <meta name='ocr-system' content='tesseract 3.04.00' />
  <meta name='ocr-capabilities' content='ocr_page ocr_carea ocr_par ocr_line ocrx_word'/>
</head>
<body>
  <div class='ocr_page' id='page_1' title='image "./dictyscretensis01dresgoog_0222.png"; bbox 0 0 3173 4957; ppageno 0'>
   <div class='ocr_carea' id='block_1_1' title="bbox 618 397 750 465">
    <p class='ocr_par' dir='ltr' id='par_1_1' title="bbox 618 397 750 465">
     <span class='ocr_line' id='line_1_1' title="bbox 618 397 750 465; baseline 0 0"><span class='ocrx_word' id='word_1_1' title='bbox 618 397 750 465; x_wconf 78' lang='lat'><strong>564</strong></span> 
     </span>
    </p>
   </div>
   <div class='ocr_carea' id='block_1_2' title="bbox 1408 373 2016 457">
    <p class='ocr_par' dir='ltr' id='par_1_2' title="bbox 1408 373 2016 457">
     <span class='ocr_line' id='line_1_2' title="bbox 1408 373 2016 457; baseline -0.005 0"><span class='ocrx_word' id='word_1_2' title='bbox 1408 407 1715 457; x_wconf 74' lang='lat' dir='ltr'><strong>Josm’ffl</strong></span> <span class='ocrx_word' id='word_1_3' title='bbox 1763 373 2016 456; x_wconf 64' lang='lat' dir='ltr'>ISGANJ</span> 
     </span>
    </p>
   </div>
   <div class='ocr_carea' id='block_1_3' title="bbox 620 551 2099 640">
    <p class='ocr_par' dir='ltr' id='par_1_3' title="bbox 620 551 2099 640">
     <span class='ocr_line' id='line_1_3' title="bbox 620 551 2099 640; baseline -0.005 -18"><span class='ocrx_word' id='word_1_4' title='bbox 620 558 991 640; x_wconf 83' lang='lat' dir='ltr'><strong>Impatiens</strong></span> <span class='ocrx_word' id='word_1_5' title='bbox 1020 553 1257 618; x_wconf 81' lang='lat' dir='ltr'><strong>saevire</strong></span> <span class='ocrx_word' id='word_1_6' title='bbox 1282 551 1483 630; x_wconf 86' lang='lat' dir='ltr'><strong>dolis,</strong></span> <span class='ocrx_word' id='word_1_7' title='bbox 1510 558 1581 615; x_wconf 90' lang='lat' dir='ltr'><strong>et</strong></span> <span class='ocrx_word' id='word_1_8' title='bbox 1611 551 1872 617; x_wconf 83' lang='lat' dir='ltr'><strong>vincere</strong></span> <span class='ocrx_word' id='word_1_9' title='bbox 1903 551 2099 627; x_wconf 85' lang='lat' dir='ltr'><strong>furto,</strong></span> 
     </span>
    </p>
   </div>
   <div class='ocr_carea' id='block_1_4' title="bbox 623 653 2268 739">
    <p class='ocr_par' dir='ltr' id='par_1_4' title="bbox 623 653 2268 739">
     <span class='ocr_line' id='line_1_4' title="bbox 623 653 2268 739; baseline -0.007 -15"><span class='ocrx_word' id='word_1_10' title='bbox 623 659 981 724; x_wconf 83' lang='lat' dir='ltr'><strong>Exclamat</strong></span> <span class='ocrx_word' id='word_1_11' title='bbox 1008 654 1343 739; x_wconf 80' lang='lat' dir='ltr'><strong>Pyrrhus:</strong></span> <span class='ocrx_word' id='word_1_12' title='bbox 1386 653 1592 718; x_wconf 83' lang='lat' dir='ltr'><strong>Nunc</strong></span> <span class='ocrx_word' id='word_1_13' title='bbox 1620 654 1822 717; x_wconf 82' lang='lat' dir='ltr'><strong>obvia</strong></span> <span class='ocrx_word' id='word_1_14' title='bbox 1855 653 1988 716; x_wconf 89' lang='lat' dir='ltr'><strong>tela</strong></span> <span class='ocrx_word' id='word_1_15' title='bbox 2015 655 2268 734; x_wconf 85' lang='lat' dir='ltr'><strong>parate,</strong></span> 
     </span>
    </p>
   </div>
   <div class='ocr_carea' id='block_1_5' title="bbox 2679 651 2816 718">
    <p class='ocr_par' dir='ltr' id='par_1_5' title="bbox 2679 651 2816 718">
     <span class='ocr_line' id='line_1_5' title="bbox 2679 651 2816 718; baseline 0 0"><span class='ocrx_word' id='word_1_16' title='bbox 2679 651 2816 718; x_wconf 77' lang='lat'><strong>’750</strong></span> 
     </span>
    </p>
   </div>
   <div class='ocr_carea' id='block_1_6' title="bbox 621 753 2610 1142">
    <p class='ocr_par' dir='ltr' id='par_1_6' title="bbox 622 753 2610 941">
     <span class='ocr_line' id='line_1_6' title="bbox 622 753 2610 842; baseline -0.004 -17"><span class='ocrx_word' id='word_1_17' title='bbox 622 761 731 825; x_wconf 90' lang='lat' dir='ltr'><strong>Ite</strong></span> <span class='ocrx_word' id='word_1_18' title='bbox 755 759 1049 842; x_wconf 81' lang='lat' dir='ltr'>Phryges</span> <span class='ocrx_word' id='word_1_19' title='bbox 1076 761 1341 820; x_wconf 84' lang='lat' dir='ltr'><strong>contra:</strong></span> <span class='ocrx_word' id='word_1_20' title='bbox 1386 773 1681 837; x_wconf 84' lang='lat' dir='ltr'><strong>quonam</strong></span> <span class='ocrx_word' id='word_1_21' title='bbox 1713 771 1920 836; x_wconf 83' lang='lat' dir='ltr'><strong>usque</strong></span> <span class='ocrx_word' id='word_1_22' title='bbox 1947 754 2012 816; x_wconf 89' lang='lat' dir='ltr'><strong>in</strong></span> <span class='ocrx_word' id='word_1_23' title='bbox 2047 753 2309 817; x_wconf 89' lang='lat' dir='ltr'><strong>somnia</strong></span> <span class='ocrx_word' id='word_1_24' title='bbox 2335 755 2610 836; x_wconf 66' lang='lat' dir='ltr'><strong>torpor?</strong></span> 
     </span>
     <span class='ocr_line' id='line_1_7' title="bbox 624 856 2158 941; baseline -0.006 -15"><span class='ocrx_word' id='word_1_25' title='bbox 624 861 747 926; x_wconf 87' lang='lat' dir='ltr'><strong>Nil</strong></span> <span class='ocrx_word' id='word_1_26' title='bbox 774 861 903 926; x_wconf 89' lang='lat' dir='ltr'><strong>tuti</strong></span> <span class='ocrx_word' id='word_1_27' title='bbox 930 862 1257 941; x_wconf 77' lang='lat' dir='ltr'><strong>superest,</strong></span> <span class='ocrx_word' id='word_1_28' title='bbox 1284 865 1517 940; x_wconf 86' lang='lat' dir='ltr'><strong>postes</strong></span> <span class='ocrx_word' id='word_1_29' title='bbox 1539 856 1875 931; x_wconf 84' lang='lat' dir='ltr'><strong>laxamus,</strong></span> <span class='ocrx_word' id='word_1_30' title='bbox 1900 861 1970 918; x_wconf 86' lang='lat' dir='ltr'><strong>et</strong></span> <span class='ocrx_word' id='word_1_31' title='bbox 1999 873 2158 918; x_wconf 90' lang='lat' dir='ltr'><strong>ecce</strong></span> 
     </span>
    </p>

    <p class='ocr_par' dir='ltr' id='par_1_7' title="bbox 621 960 2249 1040">
     <span class='ocr_line' id='line_1_8' title="bbox 621 960 2249 1040; baseline -0.005 -14"><span class='ocrx_word' id='word_1_32' title='bbox 621 962 941 1026; x_wconf 87' lang='lat' dir='ltr'><strong>Irruimus</strong></span> <span class='ocrx_word' id='word_1_33' title='bbox 972 960 1235 1024; x_wconf 83' lang='lat' dir='ltr'><strong>Danai:</strong></span> <span class='ocrx_word' id='word_1_34' title='bbox 1282 960 1341 1021; x_wconf 89' lang='lat' dir='ltr'><strong>si</strong></span> <span class='ocrx_word' id='word_1_35' title='bbox 1371 976 1543 1040; x_wconf 85' lang='lat' dir='ltr'><strong>quos</strong></span> <span class='ocrx_word' id='word_1_36' title='bbox 1575 969 1962 1021; x_wconf 86' lang='lat' dir='ltr'><strong>concurrere</strong></span> <span class='ocrx_word' id='word_1_37' title='bbox 1991 974 2249 1019; x_wconf 87' lang='lat' dir='ltr'><strong>mecum</strong></span> 
     </span>
    </p>

    <p class='ocr_par' dir='ltr' id='par_1_8' title="bbox 624 1057 2230 1142">
     <span class='ocr_line' id='line_1_9' title="bbox 624 1057 2230 1142; baseline -0.004 -15"><span class='ocrx_word' id='word_1_38' title='bbox 624 1063 741 1127; x_wconf 89' lang='lat' dir='ltr'><strong>Ira</strong></span> <span class='ocrx_word' id='word_1_39' title='bbox 767 1061 985 1139; x_wconf 87' lang='lat' dir='ltr'><strong>trahit,</strong></span> <span class='ocrx_word' id='word_1_40' title='bbox 1012 1081 1140 1126; x_wconf 89' lang='lat' dir='ltr'><strong>non</strong></span> <span class='ocrx_word' id='word_1_41' title='bbox 1172 1060 1498 1142; x_wconf 86' lang='lat' dir='ltr'><strong>egregium</strong></span> <span class='ocrx_word' id='word_1_42' title='bbox 1523 1057 1951 1123; x_wconf 80' lang='lat' dir='ltr'><strong>damnabitur</strong></span> <span class='ocrx_word' id='word_1_43' title='bbox 1977 1057 2230 1121; x_wconf 86' lang='lat' dir='ltr'><strong>umbris</strong></span> 
     </span>
    </p>
   </div>
   <div class='ocr_carea' id='block_1_7' title="bbox 624 1159 2252 1246">
    <p class='ocr_par' dir='ltr' id='par_1_9' title="bbox 624 1159 2252 1246">
     <span class='ocr_line' id='line_1_10' title="bbox 624 1159 2252 1246; baseline -0.002 -20"><span class='ocrx_word' id='word_1_44' title='bbox 624 1161 870 1228; x_wconf 85' lang='lat' dir='ltr'><strong>Martis</strong></span> <span class='ocrx_word' id='word_1_45' title='bbox 898 1181 1090 1246; x_wconf 87' lang='lat' dir='ltr'><strong>opus,</strong></span> <span class='ocrx_word' id='word_1_46' title='bbox 1118 1161 1366 1225; x_wconf 83' lang='lat' dir='ltr'><strong>facient</strong></span> <span class='ocrx_word' id='word_1_47' title='bbox 1390 1159 1577 1242; x_wconf 89' lang='lat' dir='ltr'><strong>ignes</strong></span> <span class='ocrx_word' id='word_1_48' title='bbox 1605 1159 2000 1242; x_wconf 85' lang='lat' dir='ltr'><strong>spectacula</strong></span> <span class='ocrx_word' id='word_1_49' title='bbox 2025 1159 2252 1222; x_wconf 81' lang='lat' dir='ltr'><strong>vestri.</strong></span> 
     </span>
    </p>
   </div>
   <div class='ocr_carea' id='block_1_8' title="bbox 2651 1147 2816 1220">
    <p class='ocr_par' dir='ltr' id='par_1_10' title="bbox 2651 1147 2816 1220">
     <span class='ocr_line' id='line_1_11' title="bbox 2651 1147 2816 1220; baseline 0 0"><span class='ocrx_word' id='word_1_50' title='bbox 2651 1147 2816 1220; x_wconf 84' lang='lat'>&#39;755</span> 
     </span>
    </p>
   </div>
   <div class='ocr_carea' id='block_1_9' title="bbox 622 1258 2334 1648">
    <p class='ocr_par' dir='ltr' id='par_1_11' title="bbox 622 1258 2334 1648">
     <span class='ocr_line' id='line_1_12' title="bbox 624 1258 2334 1343; baseline -0.005 -13"><span class='ocrx_word' id='word_1_51' title='bbox 624 1265 856 1343; x_wconf 84' lang='lat' dir='ltr'><strong>Fatur,</strong></span> <span class='ocrx_word' id='word_1_52' title='bbox 885 1271 953 1328; x_wconf 94' lang='lat' dir='ltr'><strong>et</strong></span> <span class='ocrx_word' id='word_1_53' title='bbox 978 1261 1275 1326; x_wconf 85' lang='lat' dir='ltr'><strong>incendit</strong></span> <span class='ocrx_word' id='word_1_54' title='bbox 1300 1265 1496 1342; x_wconf 87' lang='lat' dir='ltr'><strong>rapta</strong></span> <span class='ocrx_word' id='word_1_55' title='bbox 1521 1258 1673 1322; x_wconf 80' lang='lat' dir='ltr'><strong>face</strong></span> <span class='ocrx_word' id='word_1_56' title='bbox 1703 1260 2032 1341; x_wconf 86' lang='lat' dir='ltr'><strong>Pergama</strong></span> <span class='ocrx_word' id='word_1_57' title='bbox 2059 1259 2334 1341; x_wconf 76' lang='lat' dir='ltr'><strong>primuS,</strong></span> 
     </span>
     <span class='ocr_line' id='line_1_13' title="bbox 624 1360 2166 1449; baseline -0.003 -21"><span class='ocrx_word' id='word_1_58' title='bbox 624 1365 789 1449; x_wconf 87' lang='lat' dir='ltr'><strong>Ipse</strong></span> <span class='ocrx_word' id='word_1_59' title='bbox 818 1365 947 1426; x_wconf 84' lang='lat' dir='ltr'><strong>sibi</strong></span> <span class='ocrx_word' id='word_1_60' title='bbox 978 1363 1277 1446; x_wconf 83' lang='lat' dir='ltr'><strong>patuisse</strong></span> <span class='ocrx_word' id='word_1_61' title='bbox 1306 1361 1534 1424; x_wconf 83' lang='lat' dir='ltr'><strong>volens</strong></span> <span class='ocrx_word' id='word_1_62' title='bbox 1560 1379 1722 1442; x_wconf 86' lang='lat' dir='ltr'><strong>pars</strong></span> <span class='ocrx_word' id='word_1_63' title='bbox 1747 1367 1968 1425; x_wconf 88' lang='lat' dir='ltr'><strong>cetera</strong></span> <span class='ocrx_word' id='word_1_64' title='bbox 1995 1360 2166 1424; x_wconf 85' lang='lat' dir='ltr'><strong>ferro</strong></span> 
     </span>
     <span class='ocr_line' id='line_1_14' title="bbox 624 1463 2321 1546; baseline -0.004 -15"><span class='ocrx_word' id='word_1_65' title='bbox 624 1465 953 1531; x_wconf 79' lang='lat' dir='ltr'><strong>Certatim</strong></span> <span class='ocrx_word' id='word_1_66' title='bbox 981 1464 1379 1546; x_wconf 87' lang='lat' dir='ltr'><strong>flammaque</strong></span> <span class='ocrx_word' id='word_1_67' title='bbox 1408 1463 1612 1526; x_wconf 71' lang='lat' dir='ltr'><strong>furitt</strong></span> <span class='ocrx_word' id='word_1_68' title='bbox 1651 1463 2020 1545; x_wconf 83' lang='lat' dir='ltr'><strong>populator</strong></span> <span class='ocrx_word' id='word_1_69' title='bbox 2057 1463 2321 1526; x_wconf 86' lang='lat' dir='ltr'><strong>oberrat</strong></span> 
     </span>
     <span class='ocr_line' id='line_1_15' title="bbox 622 1562 2162 1648; baseline -0.004 -19"><span class='ocrx_word' id='word_1_70' title='bbox 622 1566 837 1648; x_wconf 73' lang='lat' dir='ltr'><strong>IgniS,</strong></span> <span class='ocrx_word' id='word_1_71' title='bbox 865 1570 932 1629; x_wconf 89' lang='lat' dir='ltr'><strong>et</strong></span> <span class='ocrx_word' id='word_1_72' title='bbox 960 1565 1030 1628; x_wconf 88' lang='lat' dir='ltr'><strong>in</strong></span> <span class='ocrx_word' id='word_1_73' title='bbox 1057 1562 1315 1628; x_wconf 86' lang='lat' dir='ltr'><strong>medios</strong></span> <span class='ocrx_word' id='word_1_74' title='bbox 1345 1563 1554 1645; x_wconf 84' lang='lat' dir='ltr'><strong>gladii</strong></span> <span class='ocrx_word' id='word_1_75' title='bbox 1584 1581 1827 1628; x_wconf 81' lang='lat' dir='ltr'><strong>venere</strong></span> <span class='ocrx_word' id='word_1_76' title='bbox 1855 1580 2162 1645; x_wconf 83' lang='lat' dir='ltr'><strong>sopores.</strong></span> 
     </span>
    </p>
   </div>
   <div class='ocr_carea' id='block_1_10' title="bbox 638 1661 2441 1742">
    <p class='ocr_par' dir='ltr' id='par_1_12' title="bbox 638 1661 2441 1742">
     <span class='ocr_line' id='line_1_16' title="bbox 638 1661 2441 1742; baseline -0.005 -9"><span class='ocrx_word' id='word_1_77' title='bbox 638 1713 644 1718; x_wconf 89' lang='lat'>-</span> <span class='ocrx_word' id='word_1_78' title='bbox 710 1667 879 1732; x_wconf 84' lang='lat' dir='ltr'><strong>Nox</strong></span> <span class='ocrx_word' id='word_1_79' title='bbox 906 1667 1065 1742; x_wconf 85' lang='lat' dir='ltr'><strong>fera,</strong></span> <span class='ocrx_word' id='word_1_80' title='bbox 1096 1684 1239 1729; x_wconf 86' lang='lat' dir='ltr'><strong>nox</strong></span> <span class='ocrx_word' id='word_1_81' title='bbox 1264 1683 1439 1742; x_wconf 82' lang='lat' dir='ltr'><strong>vere,</strong></span> <span class='ocrx_word' id='word_1_82' title='bbox 1466 1683 1606 1729; x_wconf 85' lang='lat' dir='ltr'><strong>nox</strong></span> <span class='ocrx_word' id='word_1_83' title='bbox 1631 1666 1862 1742; x_wconf 83' lang='lat' dir='ltr'><strong>noxia,</strong></span> <span class='ocrx_word' id='word_1_84' title='bbox 1889 1663 2179 1740; x_wconf 86' lang='lat' dir='ltr'><strong>turbida,</strong></span> <span class='ocrx_word' id='word_1_85' title='bbox 2209 1661 2441 1737; x_wconf 75' lang='lat' dir='ltr'><strong>tristiS‚</strong></span> 
     </span>
    </p>
   </div>
   <div class='ocr_carea' id='block_1_11' title="bbox 2681 1660 2815 1724">
    <p class='ocr_par' dir='ltr' id='par_1_13' title="bbox 2681 1660 2815 1724">
     <span class='ocr_line' id='line_1_17' title="bbox 2681 1660 2815 1724; baseline 0 0"><span class='ocrx_word' id='word_1_86' title='bbox 2681 1660 2815 1724; x_wconf 80' lang='lat'><strong>&#39;760</strong></span> 
     </span>
    </p>
   </div>
   <div class='ocr_carea' id='block_1_12' title="bbox 621 1764 2273 2151">
    <p class='ocr_par' dir='ltr' id='par_1_14' title="bbox 621 1764 2273 2034">
     <span class='ocr_line' id='line_1_18' title="bbox 623 1764 2266 1848; baseline -0.003 -17"><span class='ocrx_word' id='word_1_87' title='bbox 623 1767 991 1843; x_wconf 87' lang='lat' dir='ltr'><strong>Insidiosa,</strong></span> <span class='ocrx_word' id='word_1_88' title='bbox 1016 1766 1231 1842; x_wconf 84' lang='lat' dir='ltr'><strong>ferox,</strong></span> <span class='ocrx_word' id='word_1_89' title='bbox 1261 1765 1533 1848; x_wconf 82' lang='lat' dir='ltr'><strong>tragicis</strong></span> <span class='ocrx_word' id='word_1_90' title='bbox 1554 1765 1872 1830; x_wconf 87' lang='lat' dir='ltr'><strong>ululanda</strong></span> <span class='ocrx_word' id='word_1_91' title='bbox 1902 1764 2266 1840; x_wconf 84' lang='lat' dir='ltr'><strong>cothurnis,</strong></span> 
     </span>
     <span class='ocr_line' id='line_1_19' title="bbox 623 1864 2273 1948; baseline -0.002 -17"><span class='ocrx_word' id='word_1_92' title='bbox 623 1866 768 1932; x_wconf 83' lang='lat' dir='ltr'><strong>Aut</strong></span> <span class='ocrx_word' id='word_1_93' title='bbox 794 1869 1000 1933; x_wconf 86' lang='lat' dir='ltr'><strong>satira</strong></span> <span class='ocrx_word' id='word_1_94' title='bbox 1027 1866 1322 1930; x_wconf 86' lang='lat' dir='ltr'><strong>rodenda</strong></span> <span class='ocrx_word' id='word_1_95' title='bbox 1351 1867 1561 1948; x_wconf 86' lang='lat' dir='ltr'><strong>gravi,</strong></span> <span class='ocrx_word' id='word_1_96' title='bbox 1603 1873 1676 1930; x_wconf 89' lang='lat' dir='ltr'><strong>tu</strong></span> <span class='ocrx_word' id='word_1_97' title='bbox 1707 1867 1854 1931; x_wconf 89' lang='lat' dir='ltr'><strong>sola</strong></span> <span class='ocrx_word' id='word_1_98' title='bbox 1881 1864 2273 1948; x_wconf 62' lang='lat' dir='ltr'><strong>triumphari,</strong></span> 
     </span>
     <span class='ocr_line' id='line_1_20' title="bbox 621 1966 2086 2034; baseline -0.002 -2"><span class='ocrx_word' id='word_1_99' title='bbox 621 1969 987 2034; x_wconf 88' lang='lat' dir='ltr'><strong>Tantorum</strong></span> <span class='ocrx_word' id='word_1_100' title='bbox 1011 1969 1197 2031; x_wconf 88' lang='lat' dir='ltr'><strong>nisus</strong></span> <span class='ocrx_word' id='word_1_101' title='bbox 1228 1967 1491 2031; x_wconf 82' lang='lat' dir='ltr'><strong>steriles</strong></span> <span class='ocrx_word' id='word_1_102' title='bbox 1516 1968 1772 2032; x_wconf 88' lang='lat' dir='ltr'><strong>lucrata</strong></span> <span class='ocrx_word' id='word_1_103' title='bbox 1797 1966 2086 2032; x_wconf 81' lang='lat' dir='ltr'><strong>dierum!</strong></span> 
     </span>
    </p>

    <p class='ocr_par' dir='ltr' id='par_1_15' title="bbox 626 2067 2164 2151">
     <span class='ocr_line' id='line_1_21' title="bbox 626 2067 2164 2151; baseline -0.002 -18"><span class='ocrx_word' id='word_1_104' title='bbox 626 2071 702 2133; x_wconf 90' lang='lat' dir='ltr'><strong>Si</strong></span> <span class='ocrx_word' id='word_1_105' title='bbox 730 2071 894 2133; x_wconf 90' lang='lat' dir='ltr'><strong>mihi</strong></span> <span class='ocrx_word' id='word_1_106' title='bbox 923 2068 1322 2151; x_wconf 87' lang='lat' dir='ltr'><strong>Carpathias</strong></span> <span class='ocrx_word' id='word_1_107' title='bbox 1349 2068 1597 2147; x_wconf 89' lang='lat' dir='ltr'><strong>linguis</strong></span> <span class='ocrx_word' id='word_1_108' title='bbox 1627 2087 1894 2150; x_wconf 84' lang='lat' dir='ltr'><strong>aequare</strong></span> <span class='ocrx_word' id='word_1_109' title='bbox 1919 2067 2164 2149; x_wconf 83' lang='lat' dir='ltr'><strong>figuras</strong></span> 
     </span>
    </p>
   </div>
   <div class='ocr_carea' id='block_1_13' title="bbox 625 2166 2489 2250">
    <p class='ocr_par' dir='ltr' id='par_1_16' title="bbox 625 2166 2489 2250">
     <span class='ocr_line' id='line_1_22' title="bbox 625 2166 2489 2250; baseline -0.001 -16"><span class='ocrx_word' id='word_1_110' title='bbox 625 2170 871 2247; x_wconf 87' lang='lat' dir='ltr'><strong>Detur,</strong></span> <span class='ocrx_word' id='word_1_111' title='bbox 903 2175 971 2232; x_wconf 88' lang='lat' dir='ltr'><strong>et</strong></span> <span class='ocrx_word' id='word_1_112' title='bbox 994 2170 1339 2231; x_wconf 88' lang='lat' dir='ltr'><strong>innumero</strong></span> <span class='ocrx_word' id='word_1_113' title='bbox 1368 2177 1674 2231; x_wconf 87' lang='lat' dir='ltr'><strong>crescant</strong></span> <span class='ocrx_word' id='word_1_114' title='bbox 1699 2169 1860 2230; x_wconf 88' lang='lat' dir='ltr'><strong>mihi</strong></span> <span class='ocrx_word' id='word_1_115' title='bbox 1889 2177 2176 2250; x_wconf 86' lang='lat' dir='ltr'><strong>pectora</strong></span> <span class='ocrx_word' id='word_1_116' title='bbox 2204 2166 2489 2244; x_wconf 86' lang='lat' dir='ltr'><strong>Phoebo,</strong></span> 
     </span>
    </p>
   </div>
   <div class='ocr_carea' id='block_1_14' title="bbox 2683 2167 2816 2230">
    <p class='ocr_par' dir='ltr' id='par_1_17' title="bbox 2683 2167 2816 2230">
     <span class='ocr_line' id='line_1_23' title="bbox 2683 2167 2816 2230; baseline 0 0"><span class='ocrx_word' id='word_1_117' title='bbox 2683 2167 2816 2230; x_wconf 88' lang='grc'><strong>765</strong></span> 
     </span>
    </p>
   </div>
   <div class='ocr_carea' id='block_1_15' title="bbox 576 2267 2814 2958">
    <p class='ocr_par' dir='ltr' id='par_1_18' title="bbox 626 2267 2340 2348">
     <span class='ocr_line' id='line_1_24' title="bbox 626 2267 2340 2348; baseline -0.001 -14"><span class='ocrx_word' id='word_1_118' title='bbox 626 2271 789 2335; x_wconf 85' lang='lat' dir='ltr'><strong>Non</strong></span> <span class='ocrx_word' id='word_1_119' title='bbox 819 2276 1033 2332; x_wconf 87' lang='lat' dir='ltr'><strong>tamen</strong></span> <span class='ocrx_word' id='word_1_120' title='bbox 1066 2267 1423 2348; x_wconf 85' lang='lat' dir='ltr'><strong>expediam</strong></span> <span class='ocrx_word' id='word_1_121' title='bbox 1456 2267 1701 2343; x_wconf 74' lang='lat' dir='ltr'><strong>caedeS,</strong></span> <span class='ocrx_word' id='word_1_122' title='bbox 1730 2268 2064 2346; x_wconf 81' lang='lat' dir='ltr'><strong>incendia,</strong></span> <span class='ocrx_word' id='word_1_123' title='bbox 2093 2269 2340 2346; x_wconf 76' lang='lat' dir='ltr'><strong>luctuS,</strong></span> 
     </span>
    </p>

    <p class='ocr_par' dir='ltr' id='par_1_19' title="bbox 627 2368 2493 2452">
     <span class='ocr_line' id='line_1_25' title="bbox 627 2368 2493 2452; baseline 0 -19"><span class='ocrx_word' id='word_1_124' title='bbox 627 2369 825 2449; x_wconf 83' lang='lat' dir='ltr'><strong>Quos</strong></span> <span class='ocrx_word' id='word_1_125' title='bbox 855 2368 1165 2450; x_wconf 84' lang='lat' dir='ltr'><strong>Phrygiis</strong></span> <span class='ocrx_word' id='word_1_126' title='bbox 1189 2386 1327 2431; x_wconf 84' lang='lat' dir='ltr'><strong>nox</strong></span> <span class='ocrx_word' id='word_1_127' title='bbox 1356 2386 1493 2431; x_wconf 86' lang='lat' dir='ltr'><strong>una</strong></span> <span class='ocrx_word' id='word_1_128' title='bbox 1518 2369 1700 2452; x_wconf 89' lang='lat' dir='ltr'><strong>parit</strong></span> <span class='ocrx_word' id='word_1_129' title='bbox 1731 2388 1749 2429; x_wconf 69' lang='grc' dir='ltr'><em>ε</em></span> <span class='ocrx_word' id='word_1_130' title='bbox 1789 2387 1950 2451; x_wconf 87' lang='lat' dir='ltr'><strong>pars</strong></span> <span class='ocrx_word' id='word_1_131' title='bbox 1977 2369 2244 2450; x_wconf 85' lang='lat' dir='ltr'><strong>ignibus</strong></span> <span class='ocrx_word' id='word_1_132' title='bbox 2273 2388 2493 2446; x_wconf 77' lang='lat' dir='ltr'><strong>enseS,</strong></span> 
     </span>
    </p>

    <p class='ocr_par' dir='ltr' id='par_1_20' title="bbox 624 2468 2226 2555">
     <span class='ocr_line' id='line_1_26' title="bbox 624 2468 2226 2555; baseline -0.001 -19"><span class='ocrx_word' id='word_1_133' title='bbox 624 2471 798 2536; x_wconf 88' lang='lat' dir='ltr'><strong>Pars</strong></span> <span class='ocrx_word' id='word_1_134' title='bbox 827 2469 1065 2553; x_wconf 86' lang='lat' dir='ltr'><strong>gladiis</strong></span> <span class='ocrx_word' id='word_1_135' title='bbox 1096 2469 1306 2534; x_wconf 82' lang='lat' dir='ltr'><strong>vitant</strong></span> <span class='ocrx_word' id='word_1_136' title='bbox 1332 2468 1539 2551; x_wconf 87' lang='lat' dir='ltr'><strong>ignes,</strong></span> <span class='ocrx_word' id='word_1_137' title='bbox 1572 2490 1872 2555; x_wconf 87' lang='lat' dir='ltr'><strong>casuque</strong></span> <span class='ocrx_word' id='word_1_138' title='bbox 1904 2470 2226 2553; x_wconf 88' lang='lat' dir='ltr'><strong>gemendo</strong></span> 
     </span>
    </p>

    <p class='ocr_par' dir='ltr' id='par_1_21' title="bbox 576 2568 2008 2653">
     <span class='ocr_line' id='line_1_27' title="bbox 576 2568 2008 2653; baseline -0.001 -15"><span class='ocrx_word' id='word_1_139' title='bbox 576 2610 580 2613; x_wconf 92' lang='lat'>·</span> <span class='ocrx_word' id='word_1_140' title='bbox 624 2571 915 2638; x_wconf 87' lang='lat' dir='ltr'><strong>Incurrit</strong></span> <span class='ocrx_word' id='word_1_141' title='bbox 939 2572 1176 2646; x_wconf 84' lang='lat' dir='ltr'><strong>fatum,</strong></span> <span class='ocrx_word' id='word_1_142' title='bbox 1203 2568 1323 2634; x_wconf 86' lang='lat' dir='ltr'><strong>fati</strong></span> <span class='ocrx_word' id='word_1_143' title='bbox 1350 2569 1511 2653; x_wconf 85' lang='lat' dir='ltr'><strong>fuga</strong></span> <span class='ocrx_word' id='word_1_144' title='bbox 1538 2571 1689 2634; x_wconf 89' lang='lat' dir='ltr'><strong>sola</strong></span> <span class='ocrx_word' id='word_1_145' title='bbox 1718 2574 2008 2649; x_wconf 86' lang='lat' dir='ltr'><strong>timetur,</strong></span> 
     </span>
    </p>

    <p class='ocr_par' dir='ltr' id='par_1_22' title="bbox 627 2672 2814 2851">
     <span class='ocr_line' id='line_1_28' title="bbox 627 2672 2814 2757; baseline -0.002 -18"><span class='ocrx_word' id='word_1_146' title='bbox 627 2672 803 2752; x_wconf 76' lang='lat' dir='ltr'><strong>Quae</strong></span> <span class='ocrx_word' id='word_1_147' title='bbox 833 2672 1013 2757; x_wconf 87' lang='lat' dir='ltr'><strong>prior</strong></span> <span class='ocrx_word' id='word_1_148' title='bbox 1039 2672 1109 2734; x_wconf 89' lang='lat' dir='ltr'><strong>in</strong></span> <span class='ocrx_word' id='word_1_149' title='bbox 1134 2690 1407 2734; x_wconf 86' lang='lat' dir='ltr'><strong>sensnm</strong></span> <span class='ocrx_word' id='word_1_150' title='bbox 1436 2690 1620 2733; x_wconf 88' lang='lat' dir='ltr'><strong>mors</strong></span> <span class='ocrx_word' id='word_1_151' title='bbox 1651 2674 2008 2754; x_wconf 85' lang='lat' dir='ltr'><strong>germinat:</strong></span> <span class='ocrx_word' id='word_1_152' title='bbox 2053 2676 2337 2755; x_wconf 86' lang='lat' dir='ltr'><strong>utraque</strong></span> <span class='ocrx_word' id='word_1_153' title='bbox 2365 2672 2592 2756; x_wconf 82' lang='lat' dir='ltr'><strong>passis</strong></span> <span class='ocrx_word' id='word_1_154' title='bbox 2683 2673 2814 2736; x_wconf 84' lang='lat'><strong>770</strong></span> 
     </span>
     <span class='ocr_line' id='line_1_29' title="bbox 627 2771 2269 2851; baseline -0.004 -12"><span class='ocrx_word' id='word_1_155' title='bbox 627 2774 910 2850; x_wconf 86' lang='lat' dir='ltr'><strong>Funera,</strong></span> <span class='ocrx_word' id='word_1_156' title='bbox 939 2773 1044 2836; x_wconf 85' lang='lat' dir='ltr'><strong>fas</strong></span> <span class='ocrx_word' id='word_1_157' title='bbox 1072 2771 1304 2834; x_wconf 85' lang='lat' dir='ltr'><strong>multis</strong></span> <span class='ocrx_word' id='word_1_158' title='bbox 1335 2771 1634 2851; x_wconf 86' lang='lat' dir='ltr'><strong>geminos</strong></span> <span class='ocrx_word' id='word_1_159' title='bbox 1665 2772 1954 2836; x_wconf 86' lang='lat' dir='ltr'><strong>conferre</strong></span> <span class='ocrx_word' id='word_1_160' title='bbox 1983 2772 2269 2837; x_wconf 72' lang='lat' dir='ltr'><strong>doloreS.</strong></span> 
     </span>
    </p>

    <p class='ocr_par' dir='ltr' id='par_1_23' title="bbox 626 2871 2080 2958">
     <span class='ocr_line' id='line_1_30' title="bbox 626 2871 2080 2958; baseline -0.001 -19"><span class='ocrx_word' id='word_1_161' title='bbox 626 2874 799 2939; x_wconf 88' lang='lat' dir='ltr'><strong>Dira</strong></span> <span class='ocrx_word' id='word_1_162' title='bbox 824 2873 983 2937; x_wconf 85' lang='lat' dir='ltr'><strong>mali</strong></span> <span class='ocrx_word' id='word_1_163' title='bbox 1011 2871 1250 2944; x_wconf 82' lang='lat' dir='ltr'><strong>facieS‚</strong></span> <span class='ocrx_word' id='word_1_164' title='bbox 1280 2887 1567 2952; x_wconf 80' lang='lat' dir='ltr'><strong>aevoque</strong></span> <span class='ocrx_word' id='word_1_165' title='bbox 1595 2871 1827 2953; x_wconf 86' lang='lat' dir='ltr'><strong>ignota</strong></span> <span class='ocrx_word' id='word_1_166' title='bbox 1855 2874 2080 2958; x_wconf 88' lang='lat' dir='ltr'><strong>priori.</strong></span> 
     </span>
    </p>
   </div>
   <div class='ocr_carea' id='block_1_16' title="bbox 1540 3030 1900 3054">
    <p class='ocr_par' dir='ltr' id='par_1_24' title="bbox 1540 3030 1900 3054">
     <span class='ocr_line' id='line_1_31' title="bbox 1540 3030 1900 3054; baseline 0.008 -3"><span class='ocrx_word' id='word_1_167' title='bbox 1540 3030 1571 3051; x_wconf 66' lang='lat' dir='ltr'><em>O</em></span> <span class='ocrx_word' id='word_1_168' title='bbox 1575 3032 1900 3054; x_wconf 59' lang='grc' dir='ltr'><strong>ΝΜΟ</strong></span> 
     </span>
    </p>
   </div>
   <div class='ocr_carea' id='block_1_17' title="bbox 689 3126 2814 3197">
    <p class='ocr_par' dir='ltr' id='par_1_25' title="bbox 689 3126 2814 3197">
     <span class='ocr_line' id='line_1_32' title="bbox 689 3126 2814 3197; baseline 0.002 -18"><span class='ocrx_word' id='word_1_169' title='bbox 689 3132 917 3179; x_wconf 65' lang='lat' dir='ltr'><strong>veo-⁷⁷0</strong></span> <span class='ocrx_word' id='word_1_170' title='bbox 950 3127 1034 3177; x_wconf 83' lang='lat' dir='ltr'><strong>Sic</strong></span> <span class='ocrx_word' id='word_1_171' title='bbox 1068 3126 1455 3191; x_wconf 77' lang='lat' dir='ltr'><strong>interpungitur</strong></span> <span class='ocrx_word' id='word_1_172' title='bbox 1485 3127 1539 3178; x_wconf 84' lang='lat' dir='ltr'><strong>h.</strong></span> <span class='ocrx_word' id='word_1_173' title='bbox 1573 3128 1611 3177; x_wconf 87' lang='lat' dir='ltr'><strong>l.</strong></span> <span class='ocrx_word' id='word_1_174' title='bbox 1645 3128 1700 3178; x_wconf 89' lang='lat' dir='ltr'><strong>in</strong></span> <span class='ocrx_word' id='word_1_175' title='bbox 1739 3130 1827 3182; x_wconf 88' lang='lat' dir='ltr'><strong>ed.</strong></span> <span class='ocrx_word' id='word_1_176' title='bbox 1859 3132 1995 3182; x_wconf 86' lang='lat' dir='ltr'><strong>Mor.</strong></span> <span class='ocrx_word' id='word_1_177' title='bbox 2029 3140 2087 3184; x_wconf 88' lang='lat' dir='ltr'><strong>et</strong></span> <span class='ocrx_word' id='word_1_178' title='bbox 2129 3132 2394 3197; x_wconf 84' lang='lat' dir='ltr'><strong>Spondan.</strong></span> <span class='ocrx_word' id='word_1_179' title='bbox 2428 3133 2476 3184; x_wconf 90' lang='grc' dir='ltr'><strong>Ι.</strong></span> <span class='ocrx_word' id='word_1_180' title='bbox 2506 3135 2688 3196; x_wconf 76' lang='lat' dir='ltr'><strong>fatum,</strong></span> <span class='ocrx_word' id='word_1_181' title='bbox 2705 3134 2814 3193; x_wconf 73' lang='lat' dir='ltr'><strong>sati</strong></span> 
     </span>
    </p>
   </div>
   <div class='ocr_carea' id='block_1_18' title="bbox 614 3193 1014 3257">
    <p class='ocr_par' dir='ltr' id='par_1_26' title="bbox 614 3193 1014 3257">
     <span class='ocr_line' id='line_1_33' title="bbox 614 3193 1014 3257; baseline -0.005 -15"><span class='ocrx_word' id='word_1_182' title='bbox 614 3193 769 3257; x_wconf 63' lang='lat' dir='ltr'><strong>fuga.-</strong></span> <span class='ocrx_word' id='word_1_183' title='bbox 804 3207 847 3243; x_wconf 72' lang='grc' dir='ltr'><strong>ε.</strong></span> <span class='ocrx_word' id='word_1_184' title='bbox 870 3198 911 3243; x_wconf 77' lang='lat' dir='ltr'><strong>t.</strong></span> <span class='ocrx_word' id='word_1_185' title='bbox 930 3194 1014 3255; x_wconf 59' lang='grc' dir='ltr'><strong>ξε.</strong></span> 
     </span>
    </p>
   </div>
   <div class='ocr_carea' id='block_1_19' title="bbox 1611 3272 1828 3325">
    <p class='ocr_par' dir='ltr' id='par_1_27' title="bbox 1611 3272 1828 3325">
     <span class='ocr_line' id='line_1_34' title="bbox 1611 3272 1828 3325; baseline 0.014 -3"><span class='ocrx_word' id='word_1_186' title='bbox 1611 3272 1828 3325; x_wconf 82' lang='lat' dir='ltr'><strong>NOTAE</strong></span> 
     </span>
    </p>
   </div>
   <div class='ocr_carea' id='block_1_20' title="bbox 624 3366 1684 3737">
    <p class='ocr_par' dir='ltr' id='par_1_28' title="bbox 624 3366 1684 3585">
     <span class='ocr_line' id='line_1_35' title="bbox 692 3366 1682 3431; baseline 0 -14"><span class='ocrx_word' id='word_1_187' title='bbox 692 3373 791 3417; x_wconf 78' lang='grc'><strong>749</strong></span> <span class='ocrx_word' id='word_1_188' title='bbox 824 3369 893 3417; x_wconf 80' lang='lat' dir='ltr'><strong>Et</strong></span> <span class='ocrx_word' id='word_1_189' title='bbox 944 3367 1131 3417; x_wconf 61' lang='lat' dir='ltr'><strong>vineae</strong></span> <span class='ocrx_word' id='word_1_190' title='bbox 1162 3367 1326 3431; x_wconf 72' lang='lat' dir='ltr'><strong>sarto]</strong></span> <span class='ocrx_word' id='word_1_191' title='bbox 1372 3366 1567 3417; x_wconf 85' lang='lat' dir='ltr'><strong>Eadem</strong></span> <span class='ocrx_word' id='word_1_192' title='bbox 1613 3367 1682 3417; x_wconf 86' lang='lat' dir='ltr'><strong>de</strong></span> 
     </span>
     <span class='ocr_line' id='line_1_36' title="bbox 624 3444 1684 3509; baseline 0.002 -16"><span class='ocrx_word' id='word_1_193' title='bbox 624 3444 827 3509; x_wconf 77' lang='lat' dir='ltr'><strong>Pyrrho</strong></span> <span class='ocrx_word' id='word_1_194' title='bbox 849 3444 1006 3494; x_wconf 83' lang='lat' dir='ltr'><strong>habet</strong></span> <span class='ocrx_word' id='word_1_195' title='bbox 1040 3445 1255 3495; x_wconf 81' lang='lat' dir='ltr'><strong>Coimus</strong></span> <span class='ocrx_word' id='word_1_196' title='bbox 1276 3458 1385 3497; x_wconf 83' lang='lat' dir='ltr'><strong>xn.</strong></span> <span class='ocrx_word' id='word_1_197' title='bbox 1416 3449 1530 3494; x_wconf 80' lang='grc'><strong>594.</strong></span> <span class='ocrx_word' id='word_1_198' title='bbox 1596 3448 1684 3495; x_wconf 85' lang='lat' dir='ltr'><strong>De</strong></span> 
     </span>
     <span class='ocr_line' id='line_1_37' title="bbox 625 3520 1265 3585; baseline 0.003 -16"><span class='ocrx_word' id='word_1_199' title='bbox 625 3520 869 3585; x_wconf 88' lang='lat' dir='ltr'><strong>loquendi</strong></span> <span class='ocrx_word' id='word_1_200' title='bbox 894 3534 1086 3583; x_wconf 81' lang='lat' dir='ltr'><strong>genere</strong></span> <span class='ocrx_word' id='word_1_201' title='bbox 1108 3535 1161 3571; x_wconf 82' lang='lat' dir='ltr'><strong>v.</strong></span> <span class='ocrx_word' id='word_1_202' title='bbox 1186 3525 1265 3571; x_wconf 85' lang='lat'><strong>11.</strong></span> 
     </span>
    </p>

    <p class='ocr_par' dir='ltr' id='par_1_29' title="bbox 628 3597 1684 3737">
     <span class='ocr_line' id='line_1_38' title="bbox 690 3597 1684 3662; baseline 0.002 -17"><span class='ocrx_word' id='word_1_203' title='bbox 690 3600 791 3646; x_wconf 82' lang='grc'><strong>759</strong></span> <span class='ocrx_word' id='word_1_204' title='bbox 826 3599 887 3647; x_wconf 78' lang='lat' dir='ltr'><strong>In</strong></span> <span class='ocrx_word' id='word_1_205' title='bbox 920 3598 1095 3647; x_wconf 67' lang='lat' dir='ltr'><strong>medios</strong></span> <span class='ocrx_word' id='word_1_206' title='bbox 1110 3599 1268 3659; x_wconf 71' lang='lat' dir='ltr'><strong>gladii</strong></span> <span class='ocrx_word' id='word_1_207' title='bbox 1286 3612 1454 3648; x_wconf 75' lang='lat' dir='ltr'><strong>venere</strong></span> <span class='ocrx_word' id='word_1_208' title='bbox 1472 3597 1684 3662; x_wconf 66' lang='lat' dir='ltr'><strong>sopores]</strong></span> 
     </span>
     <span class='ocr_line' id='line_1_39' title="bbox 628 3672 1684 3737; baseline 0.001 -15"><span class='ocrx_word' id='word_1_209' title='bbox 628 3672 910 3722; x_wconf 81' lang='lat' dir='ltr'><strong>Petronius</strong></span> <span class='ocrx_word' id='word_1_210' title='bbox 933 3674 985 3721; x_wconf 83' lang='lat' dir='ltr'><strong>in</strong></span> <span class='ocrx_word' id='word_1_211' title='bbox 1013 3688 1105 3721; x_wconf 74' lang='lat' dir='ltr'><strong>sua</strong></span> <span class='ocrx_word' id='word_1_212' title='bbox 1144 3672 1349 3722; x_wconf 64' lang='grc' dir='ltr'><strong>ἁλύσεις</strong></span> <span class='ocrx_word' id='word_1_213' title='bbox 1388 3674 1527 3724; x_wconf 86' lang='lat' dir='ltr'><strong>‘Hic</strong></span> <span class='ocrx_word' id='word_1_214' title='bbox 1568 3690 1684 3737; x_wconf 77' lang='lat' dir='ltr'><strong>gra-</strong></span> 
     </span>
    </p>
   </div>
   <div class='ocr_carea' id='block_1_21' title="bbox 628 3748 1686 3875">
    <p class='ocr_par' dir='ltr' id='par_1_30' title="bbox 628 3748 1686 3875">
     <span class='ocr_line' id='line_1_40' title="bbox 628 3748 1686 3823; baseline 0.004 -28"><span class='ocrx_word' id='word_1_215' title='bbox 628 3762 719 3797; x_wconf 82' lang='lat' dir='ltr'><strong>ves</strong></span> <span class='ocrx_word' id='word_1_216' title='bbox 755 3750 883 3798; x_wconf 82' lang='lat' dir='ltr'><strong>alius</strong></span> <span class='ocrx_word' id='word_1_217' title='bbox 906 3764 1048 3799; x_wconf 87' lang='lat' dir='ltr'><strong>mero</strong></span> <span class='ocrx_word' id='word_1_218' title='bbox 1084 3748 1400 3812; x_wconf 86' lang='lat' dir='ltr'><strong>Obtruncat‚</strong></span> <span class='ocrx_word' id='word_1_219' title='bbox 1428 3758 1484 3823; x_wconf 77' lang='lat' dir='ltr'><strong>et</strong></span> <span class='ocrx_word' id='word_1_220' title='bbox 1518 3752 1686 3800; x_wconf 83' lang='lat' dir='ltr'><strong>conti-</strong></span> 
     </span>
     <span class='ocr_line' id='line_1_41' title="bbox 629 3824 1686 3875; baseline 0.004 -5"><span class='ocrx_word' id='word_1_221' title='bbox 629 3830 759 3872; x_wconf 82' lang='lat' dir='ltr'><strong>nuat</strong></span> <span class='ocrx_word' id='word_1_222' title='bbox 806 3825 858 3872; x_wconf 89' lang='lat' dir='ltr'><strong>in</strong></span> <span class='ocrx_word' id='word_1_223' title='bbox 905 3830 1121 3872; x_wconf 85' lang='lat' dir='ltr'><strong>mortem</strong></span> <span class='ocrx_word' id='word_1_224' title='bbox 1159 3825 1387 3872; x_wconf 82' lang='lat' dir='ltr'><strong>ultimam</strong></span> <span class='ocrx_word' id='word_1_225' title='bbox 1428 3824 1686 3875; x_wconf 53' lang='lat' dir='ltr'><strong>Somnos!</strong></span> 
     </span>
    </p>
   </div>
   <div class='ocr_carea' id='block_1_22' title="bbox 628 3895 1684 4265">
    <p class='ocr_par' dir='ltr' id='par_1_31' title="bbox 628 3895 1684 4111">
     <span class='ocr_line' id='line_1_42' title="bbox 630 3895 1684 3961; baseline 0.005 -17"><span class='ocrx_word' id='word_1_226' title='bbox 630 3895 735 3945; x_wconf 81' lang='lat' dir='ltr'><strong>Hie</strong></span> <span class='ocrx_word' id='word_1_227' title='bbox 769 3912 891 3946; x_wconf 82' lang='lat' dir='ltr'><strong>vere</strong></span> <span class='ocrx_word' id='word_1_228' title='bbox 927 3900 953 3945; x_wconf 76' lang='grc' dir='ltr'><strong>ὁ</strong></span> <span class='ocrx_word' id='word_1_229' title='bbox 993 3897 1135 3947; x_wconf 76' lang='grc' dir='ltr'><strong><em>ὕπνος</em></strong></span> <span class='ocrx_word' id='word_1_230' title='bbox 1174 3899 1313 3961; x_wconf 75' lang='grc' dir='ltr'>μικρὰ</span> <span class='ocrx_word' id='word_1_231' title='bbox 1356 3900 1442 3948; x_wconf 78' lang='grc' dir='ltr'><strong>τοῦ</strong></span> <span class='ocrx_word' id='word_1_232' title='bbox 1480 3900 1684 3949; x_wconf 73' lang='grc' dir='ltr'><strong><em>θανάτου</em></strong></span> 
     </span>
     <span class='ocr_line' id='line_1_43' title="bbox 628 3970 1684 4037; baseline 0.007 -19"><span class='ocrx_word' id='word_1_233' title='bbox 628 3970 878 4035; x_wconf 76' lang='grc' dir='ltr'><strong><em>μυστήρια,</em></strong></span> <span class='ocrx_word' id='word_1_234' title='bbox 900 3980 958 4022; x_wconf 89' lang='lat' dir='ltr'><strong>ut</strong></span> <span class='ocrx_word' id='word_1_235' title='bbox 974 3973 1063 4021; x_wconf 80' lang='lat' dir='ltr'><strong>ille</strong></span> <span class='ocrx_word' id='word_1_236' title='bbox 1082 3973 1220 4037; x_wconf 80' lang='lat' dir='ltr'><strong>apud</strong></span> <span class='ocrx_word' id='word_1_237' title='bbox 1246 3974 1581 4023; x_wconf 78' lang='lat' dir='ltr'><strong>Plutarchum</strong></span> <span class='ocrx_word' id='word_1_238' title='bbox 1608 3976 1684 4025; x_wconf 86' lang='lat' dir='ltr'><strong>ait</strong></span> 
     </span>
     <span class='ocr_line' id='line_1_44' title="bbox 631 4046 1326 4111; baseline 0.004 -18"><span class='ocrx_word' id='word_1_239' title='bbox 631 4046 684 4093; x_wconf 87' lang='lat' dir='ltr'><strong>in</strong></span> <span class='ocrx_word' id='word_1_240' title='bbox 708 4047 969 4097; x_wconf 73' lang='lat' dir='ltr'><strong>Consolat.</strong></span> <span class='ocrx_word' id='word_1_241' title='bbox 994 4047 1060 4097; x_wconf 82' lang='lat' dir='ltr'><strong>ad</strong></span> <span class='ocrx_word' id='word_1_242' title='bbox 1084 4048 1326 4111; x_wconf 79' lang='lat' dir='ltr'><strong>Aponon.</strong></span> 
     </span>
    </p>

    <p class='ocr_par' dir='ltr' id='par_1_32' title="bbox 630 4124 1682 4265">
     <span class='ocr_line' id='line_1_45' title="bbox 696 4124 1682 4186; baseline 0.006 -17"><span class='ocrx_word' id='word_1_243' title='bbox 696 4125 792 4170; x_wconf 78' lang='grc'><strong>769</strong></span> <span class='ocrx_word' id='word_1_244' title='bbox 848 4125 963 4172; x_wconf 69' lang='lat' dir='ltr'><strong>Fata·</strong></span> <span class='ocrx_word' id='word_1_245' title='bbox 1000 4124 1132 4185; x_wconf 77' lang='lat' dir='ltr'><strong>fuga</strong></span> <span class='ocrx_word' id='word_1_246' title='bbox 1163 4126 1263 4173; x_wconf 70' lang='lat' dir='ltr'><strong>sola</strong></span> <span class='ocrx_word' id='word_1_247' title='bbox 1298 4126 1509 4186; x_wconf 75' lang='lat' dir='ltr'><strong>timetur,</strong></span> <span class='ocrx_word' id='word_1_248' title='bbox 1560 4127 1682 4181; x_wconf 81' lang='lat' dir='ltr'><strong>Quoe</strong></span> 
     </span>
     <span class='ocr_line' id='line_1_46' title="bbox 630 4195 1682 4265; baseline 0.006 -22"><span class='ocrx_word' id='word_1_249' title='bbox 630 4195 767 4257; x_wconf 75' lang='lat' dir='ltr'><strong>prior</strong></span> <span class='ocrx_word' id='word_1_250' title='bbox 784 4196 835 4243; x_wconf 76' lang='lat' dir='ltr'><strong>in</strong></span> <span class='ocrx_word' id='word_1_251' title='bbox 852 4210 1033 4246; x_wconf 69' lang='lat' dir='ltr'><strong>aeneum</strong></span> <span class='ocrx_word' id='word_1_252' title='bbox 1053 4213 1179 4247; x_wconf 71' lang='lat' dir='ltr'><strong>mors</strong></span> <span class='ocrx_word' id='word_1_253' title='bbox 1187 4200 1447 4265; x_wconf 74' lang='lat' dir='ltr'><strong>germinat]</strong></span> <span class='ocrx_word' id='word_1_254' title='bbox 1480 4201 1682 4251; x_wconf 78' lang='lat' dir='ltr'><strong>Metam</strong></span> 
     </span>
    </p>
   </div>
   <div class='ocr_carea' id='block_1_23' title="bbox 1761 3371 2820 4189">
    <p class='ocr_par' dir='ltr' id='par_1_33' title="bbox 1761 3371 2820 4189">
     <span class='ocr_line' id='line_1_47' title="bbox 1763 3371 2815 3437; baseline 0.006 -20"><span class='ocrx_word' id='word_1_255' title='bbox 1763 3372 1964 3436; x_wconf 69' lang='lat' dir='ltr'><strong>mortio,</strong></span> <span class='ocrx_word' id='word_1_256' title='bbox 1986 3371 2108 3421; x_wconf 88' lang='lat' dir='ltr'><strong>dum</strong></span> <span class='ocrx_word' id='word_1_257' title='bbox 2145 3371 2318 3436; x_wconf 79' lang='lat' dir='ltr'><strong>fugam</strong></span> <span class='ocrx_word' id='word_1_258' title='bbox 2350 3372 2650 3437; x_wconf 76' lang='lat' dir='ltr'><strong>desperant,</strong></span> <span class='ocrx_word' id='word_1_259' title='bbox 2689 3375 2815 3423; x_wconf 82' lang='lat' dir='ltr'><strong>alte·</strong></span> 
     </span>
     <span class='ocr_line' id='line_1_48' title="bbox 1763 3448 2816 3499; baseline 0.006 -6"><span class='ocrx_word' id='word_1_260' title='bbox 1763 3458 1868 3493; x_wconf 83' lang='lat' dir='ltr'><strong>ram</strong></span> <span class='ocrx_word' id='word_1_261' title='bbox 1893 3448 1968 3495; x_wconf 84' lang='lat' dir='ltr'><strong>ait</strong></span> <span class='ocrx_word' id='word_1_262' title='bbox 1994 3461 2110 3497; x_wconf 83' lang='lat' dir='ltr'><strong>esse</strong></span> <span class='ocrx_word' id='word_1_263' title='bbox 2133 3457 2371 3499; x_wconf 83' lang='lat' dir='ltr'><strong>mortem.</strong></span> <span class='ocrx_word' id='word_1_264' title='bbox 2435 3449 2630 3497; x_wconf 82' lang='lat' dir='ltr'><strong>Eadem</strong></span> <span class='ocrx_word' id='word_1_265' title='bbox 2649 3450 2816 3499; x_wconf 73' lang='lat' dir='ltr'><strong>Luca·</strong></span> 
     </span>
     <span class='ocr_line' id='line_1_49' title="bbox 1761 3522 2815 3579; baseline 0.004 -12"><span class='ocrx_word' id='word_1_266' title='bbox 1761 3534 1856 3570; x_wconf 79' lang='lat' dir='ltr'><strong>nus</strong></span> <span class='ocrx_word' id='word_1_267' title='bbox 1899 3534 1984 3571; x_wconf 82' lang='lat'>111.</span> <span class='ocrx_word' id='word_1_268' title='bbox 2053 3526 2070 3551; x_wconf 80' lang='lat'><em>⁶</em></span> <span class='ocrx_word' id='word_1_269' title='bbox 2091 3522 2240 3572; x_wconf 84' lang='lat' dir='ltr'><strong>Mille</strong></span> <span class='ocrx_word' id='word_1_270' title='bbox 2301 3523 2478 3573; x_wconf 78' lang='lat' dir='ltr'><strong>modos</strong></span> <span class='ocrx_word' id='word_1_271' title='bbox 2517 3524 2652 3572; x_wconf 83' lang='lat' dir='ltr'><strong>inter</strong></span> <span class='ocrx_word' id='word_1_272' title='bbox 2699 3524 2815 3579; x_wconf 86' lang='lat' dir='ltr'><strong>leti,</strong></span> 
     </span>
     <span class='ocr_line' id='line_1_50' title="bbox 1761 3599 2813 3662; baseline 0.003 -18"><span class='ocrx_word' id='word_1_273' title='bbox 1761 3610 1897 3646; x_wconf 75' lang='lat' dir='ltr'><strong>more</strong></span> <span class='ocrx_word' id='word_1_274' title='bbox 1935 3612 2034 3646; x_wconf 84' lang='lat' dir='ltr'><strong>nna</strong></span> <span class='ocrx_word' id='word_1_275' title='bbox 2073 3599 2247 3648; x_wconf 82' lang='lat' dir='ltr'><strong>timori</strong></span> <span class='ocrx_word' id='word_1_276' title='bbox 2290 3606 2388 3655; x_wconf 77' lang='lat' dir='ltr'><strong>est,</strong></span> <span class='ocrx_word' id='word_1_277' title='bbox 2431 3600 2563 3651; x_wconf 80' lang='lat' dir='ltr'><strong>Quae</strong></span> <span class='ocrx_word' id='word_1_278' title='bbox 2609 3612 2813 3662; x_wconf 82' lang='lat' dir='ltr'><strong>coepere</strong></span> 
     </span>
     <span class='ocr_line' id='line_1_51' title="bbox 1763 3672 2820 3739; baseline 0.005 -20"><span class='ocrx_word' id='word_1_279' title='bbox 1763 3672 1925 3723; x_wconf 57' lang='lat' dir='ltr'><strong>mori?</strong></span> <span class='ocrx_word' id='word_1_280' title='bbox 1985 3672 2122 3723; x_wconf 84' lang='lat' dir='ltr'><strong>Item</strong></span> <span class='ocrx_word' id='word_1_281' title='bbox 2143 3689 2157 3723; x_wconf 72' lang='grc' dir='ltr'><strong>ε</strong></span> <span class='ocrx_word' id='word_1_282' title='bbox 2193 3676 2210 3703; x_wconf 76' lang='lat'><strong>⁴</strong></span> <span class='ocrx_word' id='word_1_283' title='bbox 2235 3676 2422 3725; x_wconf 80' lang='lat' dir='ltr'><strong>multos</strong></span> <span class='ocrx_word' id='word_1_284' title='bbox 2437 3676 2490 3723; x_wconf 88' lang='lat' dir='ltr'><strong>in</strong></span> <span class='ocrx_word' id='word_1_285' title='bbox 2509 3689 2706 3723; x_wconf 78' lang='lat' dir='ltr'><strong>summa</strong></span> <span class='ocrx_word' id='word_1_286' title='bbox 2725 3688 2820 3739; x_wconf 88' lang='lat' dir='ltr'><strong>pe·</strong></span> 
     </span>
     <span class='ocr_line' id='line_1_52' title="bbox 1762 3748 2820 3814; baseline 0.003 -18"><span class='ocrx_word' id='word_1_287' title='bbox 1762 3748 1922 3797; x_wconf 84' lang='lat' dir='ltr'><strong>ricula</strong></span> <span class='ocrx_word' id='word_1_288' title='bbox 1945 3750 2085 3799; x_wconf 74' lang='lat' dir='ltr'><strong>misit</strong></span> <span class='ocrx_word' id='word_1_289' title='bbox 2106 3752 2326 3801; x_wconf 83' lang='lat' dir='ltr'><strong>Venturi</strong></span> <span class='ocrx_word' id='word_1_290' title='bbox 2349 3753 2503 3810; x_wconf 74' lang='lat' dir='ltr'><strong>timor</strong></span> <span class='ocrx_word' id='word_1_291' title='bbox 2523 3752 2637 3814; x_wconf 84' lang='lat' dir='ltr'><strong>ipse</strong></span> <span class='ocrx_word' id='word_1_292' title='bbox 2660 3750 2820 3800; x_wconf 81' lang='lat' dir='ltr'><strong>mali.’</strong></span> 
     </span>
     <span class='ocr_line' id='line_1_53' title="bbox 1763 3823 2813 3889; baseline 0.004 -20"><span class='ocrx_word' id='word_1_293' title='bbox 1763 3823 1894 3872; x_wconf 83' lang='lat' dir='ltr'><strong>Vide</strong></span> <span class='ocrx_word' id='word_1_294' title='bbox 1929 3824 2178 3874; x_wconf 85' lang='lat' dir='ltr'><strong>Senecam</strong></span> <span class='ocrx_word' id='word_1_295' title='bbox 2203 3827 2301 3889; x_wconf 88' lang='lat' dir='ltr'><strong>Ep.</strong></span> <span class='ocrx_word' id='word_1_296' title='bbox 2328 3831 2409 3876; x_wconf 84' lang='grc'><strong>70.</strong></span> <span class='ocrx_word' id='word_1_297' title='bbox 2439 3833 2494 3875; x_wconf 88' lang='lat' dir='ltr'><strong>et</strong></span> <span class='ocrx_word' id='word_1_298' title='bbox 2527 3840 2681 3889; x_wconf 77' lang='lat' dir='ltr'><strong>super</strong></span> <span class='ocrx_word' id='word_1_299' title='bbox 2721 3825 2813 3873; x_wconf 80' lang='lat' dir='ltr'><strong>illo</strong></span> 
     </span>
     <span class='ocr_line' id='line_1_54' title="bbox 1765 3897 2815 3965; baseline 0.005 -21"><span class='ocrx_word' id='word_1_300' title='bbox 1765 3897 2013 3961; x_wconf 80' lang='lat' dir='ltr'><strong>Lipsium.</strong></span> <span class='ocrx_word' id='word_1_301' title='bbox 2077 3900 2385 3965; x_wconf 83' lang='lat' dir='ltr'><strong>Hieronym.</strong></span> <span class='ocrx_word' id='word_1_302' title='bbox 2420 3907 2435 3929; x_wconf 88' lang='lat'><em>‘</em></span> <span class='ocrx_word' id='word_1_303' title='bbox 2453 3900 2502 3949; x_wconf 92' lang='grc'>0</span> <span class='ocrx_word' id='word_1_304' title='bbox 2522 3902 2678 3951; x_wconf 84' lang='lat' dir='ltr'><strong>multo</strong></span> <span class='ocrx_word' id='word_1_305' title='bbox 2696 3915 2815 3964; x_wconf 79' lang='lat' dir='ltr'><strong>gra·</strong></span> 
     </span>
     <span class='ocr_line' id='line_1_55' title="bbox 1765 3972 2814 4039; baseline 0.004 -20"><span class='ocrx_word' id='word_1_306' title='bbox 1765 3972 1875 4021; x_wconf 83' lang='lat' dir='ltr'><strong>vior</strong></span> <span class='ocrx_word' id='word_1_307' title='bbox 1897 3982 2176 4036; x_wconf 76' lang='lat' dir='ltr'><strong>expectata</strong></span> <span class='ocrx_word' id='word_1_308' title='bbox 2200 3991 2352 4039; x_wconf 85' lang='lat' dir='ltr'><strong>quam</strong></span> <span class='ocrx_word' id='word_1_309' title='bbox 2384 3978 2530 4028; x_wconf 78' lang='lat' dir='ltr'><strong>illata</strong></span> <span class='ocrx_word' id='word_1_310' title='bbox 2549 3976 2722 4031; x_wconf 52' lang='lat' dir='ltr'><strong>mors)</strong></span> <span class='ocrx_word' id='word_1_311' title='bbox 2760 3976 2814 4024; x_wconf 84' lang='lat' dir='ltr'><strong>in</strong></span> 
     </span>
     <span class='ocr_line' id='line_1_56' title="bbox 1765 4048 2813 4102; baseline 0.005 -6"><span class='ocrx_word' id='word_1_312' title='bbox 1765 4048 1872 4097; x_wconf 83' lang='lat' dir='ltr'><strong>vita</strong></span> <span class='ocrx_word' id='word_1_313' title='bbox 1888 4049 2109 4100; x_wconf 86' lang='lat' dir='ltr'><strong>Malchi:</strong></span> <span class='ocrx_word' id='word_1_314' title='bbox 2135 4058 2190 4101; x_wconf 86' lang='lat' dir='ltr'><strong>et</strong></span> <span class='ocrx_word' id='word_1_315' title='bbox 2213 4051 2470 4102; x_wconf 77' lang='lat' dir='ltr'><strong>Isidorum</strong></span> <span class='ocrx_word' id='word_1_316' title='bbox 2495 4052 2813 4102; x_wconf 77' lang='lat' dir='ltr'><strong>Pelusiotam</strong></span> 
     </span>
     <span class='ocr_line' id='line_1_57' title="bbox 1763 4126 2082 4189; baseline 0.006 -16"><span class='ocrx_word' id='word_1_317' title='bbox 1763 4137 1824 4175; x_wconf 88' lang='grc' dir='ltr'><strong>ιι.</strong></span> <span class='ocrx_word' id='word_1_318' title='bbox 1850 4126 1947 4189; x_wconf 81' lang='lat' dir='ltr'><strong>Ep.</strong></span> <span class='ocrx_word' id='word_1_319' title='bbox 1972 4130 2082 4175; x_wconf 79' lang='grc'><strong>147.</strong></span> 
     </span>
    </p>
   </div>
  </div>
 </body>
</html>
