3173 4957
351 3490 360 3495 .
458 3444 673 3493 Flaccus
735 3443 801 3491 de
865 3442 1067 3505 apibus,
1127 3457 1168 3492 1.

996 433 1092 479 DE
1145 435 1380 480 BELLO
1427 435 1771 481 TROJANO
1824 435 1965 482 [ΑΒ.
2016 436 2117 484 lv.

441 574 834 642 coeruleum
864 575 1145 640 mirante
1163 576 1389 660 jubar,
1422 581 1751 661 ventoque
1780 598 2034 656 serene,

2504 423 2639 485 '485

2506 579 2638 645 310

444 677 530 741 lu
558 677 764 741 risum
795 675 1104 740 redeunte
1136 677 1326 759 polo,
1371 677 1634 742 detersa
1662 688 1951 744 meretur

446 777 492 842 J
499 796 626 841 uno
650 776 699 840 J
701 795 919 854 ovem,
949 786 1150 870 atque
1179 778 1374 842 hilari
1407 779 1666 843 solatur
1694 779 1923 845 fientia
1947 784 2138 846 vultu

449 877 731 954 Nubila,
762 880 1265 962 proscriptoque
1299 880 1515 958 Noto,
1544 882 1813 964 lenique
1842 903 2111 947 susurro

447 979 674 1042 Dante
706 979 855 1041 vias
884 978 1146 1061 majora
1172 981 1340 1064 petit
1370 982 1663 1064 suspiria
1692 983 1953 1048 classis.

449 1085 456 1096 ‘
536 1079 710 1160 Ergo
743 1079 967 1142 Deum
995 1085 1160 1144 nutu
1188 1082 1448 1146 libratis
1477 1082 1756 1147 flatibus
1786 1103 1911 1148 usa

2506 1083 2641 1150 315

451 1179 791 1244 Euboicas
820 1199 1178 1247 numerosa
1204 1184 1370 1248 ratis
1399 1183 1754 1249 descendit
1783 1185 1853 1247 in
1886 1185 2119 1264 undae,

450 1281 896 1346 Consumtura
922 1283 1182 1363 fretum,
1212 1292 1427 1349 totum
1461 1285 1586 1348 sub
1616 1287 1965 1369 puppibus
1998 1305 2227 1370 aequor

448 1382 558 1447 Ire
589 1389 835 1466 stupet,
865 1391 1076 1450 certat
1105 1387 1449 1469 perplexis
1477 1387 1706 1450 navita
1732 1388 1933 1451 remis

451 1481 626 1560 Quis
653 1485 849 1568 prior,
872 1491 938 1549 et
957 1485 1212 1568 junctis
1242 1485 1604 1568 confligunt
1633 1486 1881 1549 ictibus
1910 1506 2068 1551 aera.

535 1585 651 1650 Sic
679 1588 972 1668 geminas
1000 1588 1276 1651 miratus
1306 1587 1524 1652 Athos
1555 1586 1906 1651 Xerxeius
1934 1589 2228 1664 umbraS,

2507 1587 2640 1654 320

450 1685 771 1768 Ignotum
803 1688 970 1751 velis
1001 1689 1172 1752 texit
1200 1707 1424 1753 mare:
1471 1689 1570 1753 sic
1604 1696 1725 1753 tua
1755 1689 1993 1772 sylvae,

449 1784 642 1851 Voce
671 1796 915 1870 potens
944 1788 1238 1872 Orpheu,
1268 1789 1692 1854 modulantia
1718 1789 1977 1872 plectra
2004 1794 2282 1867 secutae,

450 1885 796 1953 Bistonios
821 1890 1040 1972 longis
1069 1891 1370 1954 clausere
1403 1889 1833 1972 amplexibus
1864 1909 2081 1972 agros·

539 1989 724 2054 Dum
751 1989 991 2054 mediis
1020 1990 1394 2072 spatiantur
1423 1989 1643 2072 aquiS,
1676 2007 2046 2074 securaque
2072 1988 2260 2055 fandi

1369 2167 1726 2190 OHOOOOO‘NO

516 2252 613 2298 310
646 2249 871 2300 Mutavere
895 2253 1128 2301 Dresem.

1451 2366 1667 2416 NOTAE

513 2463 609 2510 311
637 2461 699 2509 In
715 2460 864 2509 risum
891 2461 1112 2511 redeunte
1147 2461 1274 2524 polo]
1313 2462 1426 2511 Lib.
1453 2476 1504 2512 v.

448 2538 610 2585 ‘astra
622 2538 888 2587 sidereum
904 2537 1150 2600 pepigere
1167 2538 1302 2587 diem
1317 2538 1350 2588 ι’
1367 2540 1505 2603 qnod

451 2620 536 2663 est
553 2611 917 2674 ‘liquidissima
929 2612 1358 2673 coeli'l'empestas
1373 2613 1388 2636 '
1407 2615 1506 2661 Lu-

449 2687 618 2736 cretio
643 2686 734 2735 lib.
757 2698 834 2734 lv.
859 2692 873 2713 ‘
891 2699 1006 2734 cum
1045 2685 1303 2735 innubilus
1337 2684 1502 2737 oe'ther

452 2762 675 2826 Integit,
687 2770 746 2813 ‚et
760 2764 902 2823 large
921 2759 1310 2813 diffusolumine
1325 2764 1496 2828 ridet‚'

452 2846 514 2888 ut
538 2839 614 2888 ait
637 2852 724 2888 ιιι.
760 2838 950 2887 Ridere
975 2852 1114 2901 vero,
1144 2847 1200 2888 ut
1223 2835 1399 2890 Groeci
1423 2840 1502 2890 θά-

452 2922 616 2963 λασσα
633 2911 842 2974 μειδιάει.
864 2912 1001 2975 ἔαρος
1012 2913 1290 2974 ’γελάσωσιν
1308 2915 1508 2981 brun-ai,

453 2990 684 3052 Oppisu.
711 2988 896 3039 Claud.
913 2991 929 3018 ‘
943 2990 1168 3039 riserunt
1178 2990 1388 3041 floribus
1403 3006 1509 3042 am·

455 3064 581 3113 nes?
616 3064 754 3112 Vide
780 3065 991 3113 Lucret.
1044 3064 1164 3114 Iud.
1187 3066 1239 3114 iu
1268 3066 1510 3117 ‘ridere.'

457 3140 601 3189 Risui
636 3142 752 3189 huic
790 3141 910 3189 coeli
943 3142 1226 3204 opponitur
1271 3156 1350 3191 vt.
1394 3148 1510 3194 376.

457 3218 473 3244 ‘
493 3216 667 3265 saucia
720 3216 832 3265 coeli
889 3215 1072 3272 forma.
1125 3230 1241 3264 cum
1299 3216 1510 3265 subtex-

458 3299 552 3346 unt
596 3291 770 3340 nubila
813 3288 1036 3351 coelum‚'
1080 3296 1140 3339 ut
1179 3291 1386 3339 Luci-et.
1418 3293 1510 3352 ait,
1545 3315 1550 3317 -

459 3374 514 3417 et
551 3368 812 3416 ‘Fuscsnt
843 3368 982 3415 nube
1017 3364 1191 3421 diem?
1235 3373 1294 3415 ut
1332 3367 1511 3418 Valet.

1259 3444 1512 3506 Lucanus,

457 3526 472 3548 ⁸
488 3521 606 3569 coeli
629 3518 856 3569 fuscator
881 3518 979 3567 Eoi
1001 3518 1288 3581 Impulerat
1312 3518 1512 3581 Corus‚'

457 3608 538 3645 ιν.

527 3670 731 3719 Detersu
765 3675 969 3718 meretum
987 3670 1117 3717 June
1143 3668 1335 3732 Jovem]
1374 3668 1511 3718 Vide

460 3744 552 3795 lib.
592 3757 632 3792 1.
670 3746 786 3791 243.
819 3750 877 3791 ιιι
911 3749 966 3791 et
1001 3744 1120 3793 illa:
1154 3743 1510 3807 ‘Proscriptu-

460 3833 562 3884 que
585 3816 751 3877 noto,’
774 3829 835 3865 ιι.
855 3820 972 3867 216.

457 3916 464 3924 ·
524 3899 622 3945 814
665 3893 860 3953 Maiora
908 3892 1032 3955 petit
1078 3894 1283 3956 suspiria
1325 3896 1512 3960 clauis]

463 3972 598 4023 Quia
619 3969 804 4019 Ροὲιω
828 3973 1010 4016 ventos
1028 3968 1045 3996 ‘
1069 3968 1288 4016 animas'
1311 3980 1512 4027 vocant,

465 4053 522 4095 ιιι
554 4048 767 4096 Lucret.
795 4043 980 4093 Horat.
1014 4042 1132 4091 ideo
1153 4050 1210 4090 et
1232 4042 1250 4069 ‘
1267 4046 1516 4105 suspitia’

464 4121 565 4171 illis
589 4120 752 4171 addit.
786 4117 1059 4170 claudian.
1084 4119 1150 4167 de
1185 4120 1358 4182 Raptu
1385 4122 1515 4172 Pro·

465 4211 602 4260 serp.
623 4196 639 4224 ‘
665 4210 760 4245 nec
783 4193 972 4245 talibus
994 4208 1220 4259 unquam
1239 4194 1515 4257 spiravere

464 4273 601 4325 uotis
616 4271 906 4337 animae,’de
916 4271 1086 4323 ventis
1103 4271 1348 4337 loquitur.
1381 4272 1514 4323 Inde

1588 2469 1604 2493 ⁶
1624 2460 1863 2525 expirare
1881 2460 1896 2483 ’
1919 2460 2061 2510 venti
2079 2460 2343 2512 dicuntur.
2376 2460 2525 2527 virg.
2544 2477 2645 2517 vu.

1586 2538 1703 2586 AEn.
1738 2539 1754 2565 ‘
1781 2536 2026 2598 Aspirant
2046 2552 2183 2586 auree
2207 2540 2261 2587 in
2284 2539 2527 2589 noctem.'

1653 2614 1749 2659 317
1787 2610 1955 2659 Totum
1988 2610 2075 2657 sub
2108 2610 2340 2673 puppibus
2376 2626 2531 2673 oequor
2569 2614 2649 2663 Ire

1586 2682 1771 2746 stupet]
1800 2683 1920 2733 Hoc
1952 2690 2054 2745 est,
2078 2685 2215 2747 qnod
2249 2684 2523 2734 Lucretius
2556 2688 2651 2748 ait,

1597 2761 1613 2787 ‘
1636 2758 1851 2808 florebat
1872 2758 2086 2808 navibus
2108 2758 2331 2822 pontus?
2364 2760 2497 2809 Cato
2512 2763 2652 2825 apud

1596 2836 1879 2885 Chai-isium
1924 2843 1981 2885 et
2021 2836 2274 2894 Servium,
2311 2837 2486 2887 ‘mare
2524 2840 2651 2889 velis

1588 2909 1779 2960 florere
1804 2910 2043 2961 videres-³

1656 2990 1755 3035 820
1787 2985 1871 3035 Sic
1886 2988 2102 3049 geminus
2121 2986 2323 3038 miratus
2340 2988 2496 3037 Athos
2518 2990 2652 3040 Xer-

1588 3063 1729 3112 xeius
1766 3064 1979 3128 umbras]
2014 3066 2191 3115 Quare
2229 3065 2245 3093 ‘
2269 3066 2495 3128 geminas
2512 3064 2549 3114 ?’
2583 3080 2649 3115 sn

1590 3146 1809 3201 propter
1842 3138 1967 3188 duas
2001 3139 2153 3189 fossoe
2192 3141 2374 3204 ripas?
2408 3156 2473 3190 an
2506 3157 2651 3192 mous

1590 3214 1679 3262 ille
1702 3213 1931 3277 duplicat
1949 3215 2195 3265 umbram.
2250 3216 2434 3267 Suidas
2458 3218 2511 3267 in
2532 3234 2649 3282 pro·

1592 3288 1825 3336 verbinm
1851 3303 1865 3336 ι
1891 3287 2044 3338 Ἄθως
2072 3289 2303 3339 καλύπτει
2321 3292 2505 3353 πλευρὰ
2524 3300 2650 3354 Ama·

1593 3360 1693 3411 aetas
1712 3361 1844 3422 βοὸς,
1869 3363 1948 3411 vel
1971 3365 2099 3411 νῶτα
2119 3364 2321 3425 Λημνίας
2344 3363 2475 3414 ἆλός.
2534 3368 2651 3416 Ste-

1593 3438 1791 3501 phanus
1815 3435 1881 3484 de
1904 3438 2163 3488 Urbibus:
2194 3438 2373 3495 βάλλει
2400 3438 2452 3488 δὲ
2485 3440 2519 3499 ἣ
2539 3442 2652 3490 σκιὰ

1592 3514 1679 3561 τοῦ
1697 3512 1829 3575 ὅρους
1846 3512 1921 3560 ἐπὶ
1940 3512 2157 3563 σταδίους
2180 3515 2485 3578 τριακοσίους·
2519 3515 2653 3565 οὐδὲν

1590 3587 1708 3653 πρὸς
1727 3585 1973 3637 Διόνυσον·
2006 3582 2239 3653 intelligo
2260 3590 2327 3639 de
2364 3591 2545 3640 umbra
2565 3606 2655 3641 ve-

1593 3664 1759 3713 lorum
1794 3672 1849 3714 et
1880 3664 2139 3714 arborum.
2209 3665 2288 3715 De
2326 3675 2499 3717 monte
2536 3668 2654 3717 vide

1594 3740 1793 3790 Herod.
1812 3752 1891 3791 νι.
1910 3747 1966 3790 et
1978 3754 2075 3791 vu.
2094 3742 2287 3790 Lucan.
2306 3742 2396 3791 lib.
2417 3755 2477 3791 ιι.
2497 3742 2653 3794 Diod.

1593 3816 1820 3867 Siculum
1843 3830 1923 3867 ιι.
1946 3833 1996 3883 p.
2012 3820 2063 3867 2.
2086 3824 2141 3867 et
2164 3818 2371 3882 Lysiam
2396 3818 2547 3869 Orat.
2571 3817 2653 3869 fu·

1591 3892 1762 3941 nebri-

1658 3972 1755 4018 824
1789 3969 1921 4019 Dum
1961 3969 2133 4017 mediis
2180 3969 2452 4031 spatiuntur
2492 3970 2650 4035 aquis]

1594 4042 1819 4105 spatiari
1844 4042 2079 4105 Scaliger
2107 4042 2159 4091 iu
2182 4042 2439 4091 Catalect.
2464 4058 2515 4105 p.
2536 4048 2651 4094 272.

1596 4117 1662 4165 ad
1700 4117 1923 4165 stadium
1966 4116 2237 4179 κυριολογίᾳ
2267 4116 2543 4168 transfert:
2569 4130 2653 4169 est

1596 4194 1728 4243 euim
1741 4191 1940 4242 στάδιον
1952 4191 2151 4242 AEolum
2165 4191 2374 4243 στάδιον.
2388 4193 2655 4244 Sallustius

1596 4270 1735 4334 apud
1776 4267 1949 4333 Agell.
1984 4282 2140 4319 naves
2171 4270 2248 4319 ait
2279 4271 2295 4299 ‘
2322 4284 2619 4336 progressas
2637 4268 2654 4293 ’
