3173 4957
961 397 1058 443 DE
1108 395 1348 444 BELLO
1393 393 1735 444 TROJANO
1787 395 1925 444 Lm.
1974 397 2042 442 V.

401 538 602 604 Nunc
628 542 838 619 caput
863 536 1181 620 immergit
1208 536 1475 619 pelago,
1505 537 1831 620 varioque
1855 537 2085 602 timore

405 639 540 704 Aut
563 640 802 720 longos
830 637 1133 715 haustus,
1165 642 1280 702 aut
1308 637 1449 702 tela
1473 638 1839 720 prementia
1866 637 2052 702 vitat.

402 738 701 821 Tandem
727 739 884 802 dum
912 740 1158 803 fluctus
1185 739 1446 820 gravior
1471 739 1749 802 rimatur
1778 757 2061 821 opacoS,

2445 739 2576 804 175

405 839 644 904 Incidit
670 841 736 904 in
765 860 1054 923 puppes,
1085 840 1498 923 frontemque
1529 840 1817 922 infigitur
1842 841 2048 906 uncis.

487 939 727 1006 Acrius
755 943 1148 1006 incumbunt
1173 941 1470 1024 Phrygii,
1503 949 1735 1008 contra
1759 943 1861 1006 ira
1889 941 2181 1008 furentes

405 1043 494 1107 Et
520 1043 739 1125 pudor
767 1043 1124 1126 Argolicos
1153 1047 1391 1120 armat,
1417 1061 1592 1107 nunc
1620 1044 1851 1108 littora
1878 1043 2183 1127 perdunt,

407 1143 610 1208 Nunc
635 1143 902 1208 dubiam
921 1145 1257 1209 lucrantur
1282 1143 1597 1209 humum:
1640 1147 1811 1211 bibit
1836 1145 2017 1211 unda
2042 1166 2339 1212 cruorem

409 1243 794 1308 Alternum:
837 1251 908 1310 at
937 1245 1230 1329 Phrygio
1249 1245 1532 1310 Graecus
1561 1248 1819 1312 sociare
1850 1249 2169 1332 superbit.

2454 1247 2581 1313 180

411 1345 676 1408 Emicat
701 1346 1096 1412 immodicus
1123 1347 1348 1424 animi,
1377 1343 1815 1432 metuensque
1843 1349 2136 1433 priorem

412 1445 618 1509 Solus
645 1446 718 1509 in
747 1454 1116 1512 extremum
1131 1449 1414 1532 jamjam
1445 1455 1835 1533 proruperat
1864 1469 2093 1532 agmen

408 1545 744 1612 Turbidus
775 1549 1230 1635 Hysipbides:
1261 1551 1588 1633 populum
1621 1571 1791 1632 vaga
1825 1553 2025 1615 turba
2056 1553 2364 1615 secutum

412 1644 576 1708 Non
605 1653 804 1713 unam
835 1651 1074 1715 saevire
1105 1669 1375 1714 manum
1407 1651 1753 1736 creditque
1784 1658 2117 1735 pavetque
2140 1672 2161 1712 z

407 1745 556 1812 Ceu
579 1748 770 1814 Mars
800 1752 943 1834 ipse
971 1752 1242 1835 premit:
1287 1753 1471 1817 acies
1502 1761 1884 1837 praevectus
1915 1759 2235 1837 utrasque

2459 1751 2590 1816 185

413 1850 756 1932 Liquerat,
789 1851 1192 1933 ardebatque
1215 1869 1412 1918 'arces
1441 1855 1726 1932 calcare,
1757 1852 1970 1917 relicti

411 1953 795 2017 Contemtor
823 1952 1011 2029 belli,
1041 1953 1162 2016 sed
1196 1953 1438 2018 anhelo
1468 1954 1767 2020 fervidus
1800 1954 2055 2020 Hector

415 2053 776 2137 objicitur:
824 2052 1138 2133 Quonam
1162 2075 1376 2138 usque
1395 2058 1426 2120 ‘l
1471 2057 1584 2120 hic
1608 2058 1949 2134 terminuS,
1980 2057 2217 2141 inquit,
2238 2061 2305 2120 et
2334 2074 2561 2120 ensem

330 2193 342 2204 ·
417 2155 651 2221 Nudat
680 2162 905 2236 atroX,
933 2177 1308 2260 cquue
1335 2159 1500 2224 nihil
1526 2163 1783 2225 tutante
1811 2179 1977 2244 pyr
1926 2178 2072 2254 -po

2582 2181 2595 2221 ι’

1325 2309 1622 2333 ‘vanuco‘
1596 2313 1685 2340 eo,
2093 2294 2127 2324 2
2151 2279 2217 2318 ’.ᾖ
2274 2316 2279 2324 ·
2332 2277 2416 2328 2⁷²⁴—

482 2407 575 2452 184
611 2404 868 2467 Pavetque,
895 2403 994 2453 Cea
1014 2403 1090 2452 M.
1113 2403 1148 2452 i.
1165 2409 1353 2466 premat
1375 2401 1511 2452 Edd.
1533 2403 1667 2453 Mor.
1688 2409 1745 2454 et
1766 2403 2023 2470 Spondau.

1395 2514 1617 2567 NOTAE

479 2618 577 2665 176
606 2614 921 2677 Fronte-mque
950 2612 1172 2677 infigitur
1191 2611 1347 2674 uncis]
1381 2611 1465 2660 Ad

311 2752 318 2759 ⁹
412 2690 690 2754 imaginem
712 2687 906 2755 Phocei
937 2688 1074 2751 apud
1099 2688 1354 2736 Lucanum
1379 2699 1469 2736 111.

413 2768 531 2815 704.
573 2766 590 2793 ⁸
615 2763 886 2827 Puppibus
927 2761 1216 2813 occurrit:’
1259 2762 1468 2823 Noster,

416 2849 431 2872 ⁸
451 2841 645 2891 Incidit
661 2842 714 2890 in
740 2840 972 2905 puppes!
1001 2842 1206 2889 Uncum
1231 2853 1353 2888 vero
1374 2852 1467 2902 pro

416 2918 568 2967 hamo
613 2917 812 2967 adunco
853 2925 910 2967 et
945 2918 1155 2966 incurvo
1195 2915 1367 2974 sumit,
1409 2922 1466 2962 ut

418 2995 541 3044 inibi
563 2997 827 3044 Lucanus:
853 2996 869 3024 ⁸
889 2995 960 3044 Et
984 2995 1132 3042 nimis
1155 2991 1332 3042 affixos
1351 2991 1468 3041 unci

421 3072 712 3120 convellere
743 3068 974 3121 morsus.'
1037 3070 1227 3121 Juven.
1265 3069 1377 3121 Sat.
1415 3081 1470 3117 x·

419 3148 434 3173 ‘
456 3148 680 3207 impacto
703 3147 920 3210 Sejanus
945 3145 1149 3194 ducitur
1169 3144 1340 3195 unco.'

487 3227 577 3272 177
611 3222 786 3272 Acrius
807 3221 1076 3271 incumbunt
1103 3219 1335 3282 Phrygii]
1371 3220 1472 3269 Pa·

422 3300 623 3362 pinius:
648 3302 662 3328 ‘
684 3298 886 3348 Fortius
901 3297 1165 3345 incursant
1188 3293 1374 3359 Tyrii,'
1389 3307 1476 3342 un-

421 3370 486 3426 'de
519 3378 676 3426 Silius
711 3374 1000 3426 afformavit
1032 3388 1206 3423 secum
1241 3386 1336 3445 κγ.
1369 3373 1475 3422 ‘A-

423 3452 561 3501 crius
591 3453 689 3501 hoc
710 3452 900 3501 Italum
939 3450 1098 3513 pubes
1118 3449 1366 3498 incurrit
1352 3448 1383 3477 ·'
1417 3454 1476 3497 ut

421 3530 587 3577 multa
625 3529 728 3575 alia
769 3541 832 3575 ex
869 3526 956 3574 illo
989 3523 1257 3585 deducta;
1292 3523 1476 3589 quibus

424 3604 691 3651 aestimium
730 3600 899 3663 magni
935 3600 1072 3648 illius
1107 3599 1288 3650 Poeta}
1327 3614 1477 3663 auge·

426 3684 530 3737 tur,
546 3678 694 3740 cujus
719 3691 904 3724 nomen
927 3689 1245 3740 nequaquam
1267 3680 1369 3724 tam
1394 3672 1480 3725 fri·

426 3753 558 3802 volis
617 3752 899 3801 recessibus
953 3752 1217 3801 obscurari
1281 3752 1493 3815 debuit,

427 3845 544 3879 cum
582 3834 638 3878 et
672 3827 748 3876 vii
783 3827 966 3876 doctus
999 3834 1055 3876 et
1076 3828 1392 3888 Consularis,
1428 3834 1483 3877 et

1710 2560 1732 2590 j·

1545 2612 1755 2669 rustica,
1776 2610 2020 2675 loquitur,
2052 2619 2066 2640 ‘
2089 2619 2361 2661 resonante
2380 2594 2600 2677 imagine

1545 2685 1749 2749 fingitz'
1780 2686 1972 2736 Forsan
2012 2685 2076 2735 ad
2121 2686 2456 2737 imitationem
2489 2691 2601 2753 rogi

1543 2761 1790 2817 Thebani,
1831 2761 1896 2810 de
1934 2774 2036 2826 quo
2078 2760 2315 2811 Lucanus
2348 2769 2405 2811 et
2446 2762 2605 2828 Papi·

1545 2839 1677 2889 nius.
1744 2837 1882 2888 Vide
1915 2832 2299 2888 similia'etiam
2335 2839 2385 2888 in
2424 2840 2603 2897 avibus

1547 2914 1685 2975 odia,
1740 2930 1854 2979 quoe
1908 2914 1959 2963 iu
2014 2912 2273 2963 Barbaros
2320 2914 2606 2969 incurrunt.

1549 2990 1754 3041 Graecis
1792 2990 2146 3056 blandiuntur,
2178 2992 2317 3057 apud
2352 2992 2606 3045 Aristote-

1549 3068 1651 3115 lem
1676 3067 1725 3115 iu
1746 3067 2091 3118 mirabilibus:
2127 3069 2314 3133 quibus
2335 3070 2607 3135 conjunge,

1550 3156 1667 3206 quae
1700 3142 1959 3193 Meursius
1992 3144 2058 3191 ad
2089 3144 2477 3207 Lycophrouem
2516 3160 2609 3195 no-

1553 3222 1653 3278 tat,
1679 3230 1730 3280 p.
1749 3220 1865 3266 233.

1619 3294 1715 3339 183
1750 3290 1985 3339 Tru-bidus
2018 3290 2336 3355 Hysiphides]
2381 3294 2614 3344 Protesi-

1553 3366 1685 3415 laus.
1740 3372 1753 3395 ⁸
1773 3365 2082 3426 Protesilae}
2108 3367 2204 3417 tibi
2224 3381 2412 3418 nomeu
2434 3370 2509 3418 sic
2533 3370 2613 3419 fa.

1556 3449 1613 3491 ta
1636 3440 1906 3502 dederunt,
1930 3439 2153 3489 Victima
2169 3442 2303 3505 quod
2325 3443 2486 3507 Trojae
2508 3444 2613 3507 pri-

1557 3532 1641 3565 ma
1678 3514 1882 3565 futurus
1916 3521 2046 3572 erat,
2049 3514 2064 3536 ’
2090 3515 2361 3566 Ausonius.
2424 3520 2615 3579 Πρὸτος

1514 3624 1520 3631 -
1555 3592 1695 3650 λαοῦ,
1713 3594 1793 3641 vel
1808 3608 1991 3654 πρωτος
2006 3588 2210 3641 ἱλάσατο
2226 3591 2452 3641 τὸνθεόν·
2440 3595 2615 3645 ·-Grae

1560 3682 1736 3718 corum
1768 3671 1903 3717 enim
1936 3666 2117 3715 classis
2152 3667 2308 3716 solvit
2329 3666 2617 3731 Iphigenian

1564 3746 1834 3809 sanguine,
1874 3744 2074 3808 appulit
2121 3744 2400 3794 Protesilai
2454 3746 2620 3809 caede,

1564 3836 1667 3885 quo
1686 3821 1931 3871 Manilius
1952 3828 2243 3885 respectum
2265 3821 2455 3871 babere
2479 3821 2620 3872 vide-

429 3904 737 3968 aliquamdiu
761 3901 899 3951 forte
920 3899 1184 3965 σύγχρυνος
1219 3902 1347 3951 tanti
1371 3911 1487 3965 post
1567 3907 1672 3962 tur,
1714 3913 1828 3947 cum
1873 3897 1977 3947 ait:
2010 3899 2026 3927 ‘
2047 3898 2365 3960 classemque
2398 3898 2619 3949 solutam

431 3984 635 4030 unicum
661 3979 938 4042 Virgilium
964 3978 1103 4025 iilum
1123 3975 1324 4027 fecerit.

498 4061 589 4106 180
605 4055 822 4121 Phrygio
839 4055 1036 4103 (ἔται-ω
1054 4053 1231 4101 sociare
1249 4052 1481 4117 superbit]

434 4132 567 4181 Vide
611 4147 764 4196 supra
798 4144 950 4179 versu
995 4132 1105 4179 148.
1137 4126 1223 4176 ubi
1262 4127 1398 4177 idem
1431 4128 1483 4178 in

438 4209 592 4267 Echo,
637 4208 762 4275 sive,
795 4215 852 4257 ut
880 4206 1042 4257 Varro
1075 4204 1166 4254 lib.
1201 4218 1288 4255 111.
1321 4204 1385 4253 de
1427 4219 1483 4254 re

1565 3974 1849 4037 Sanguine,
1873 3981 1929 4022 et
1951 3974 2219 4036 appulsam
2244 3971 2433 4021 terris?
2485 3972 2619 4023 Vide

1564 4049 1816 4113 Scaliger.
1838 4049 1900 4096 ad
1921 4048 2103 4097 Manil.
2134 4064 2185 4113 p.
2210 4052 2325 4098 387.
2348 4055 2401 4097 et
2424 4047 2475 4096 iu
2499 4064 2620 4099 con-

1555 4128 1818 4195 j'ectaueis
1841 4143 1892 4193 p.
1920 4130 2031 4175 146.

1634 4208 1731 4254 189
1767 4204 2034 4267 conumque
2068 4200 2189 4252 nihil
2206 4205 2390 4253 tutante
2420 4199 2621 4267 pyropo]

2462 2195 2701 2258 3,..{!„
