3173 4957
630 363 762 430 448

1264 381 1270 388 '
1351 385 1356 390 “
1425 377 1731 427 Josnmss
1782 375 2032 431 iscam

693 521 1028 586 -I'nstabat
1047 521 1190 604 jam
1221 521 1401 586 dicta
1431 522 1601 599 dies,
1635 541 1773 604 qua
1804 523 2049 588 classis
2082 522 2152 586 in
2184 523 2361 586 altas

633 621 1039 706 Propulsum
1069 623 1397 704 poscebat
1427 643 1663 706 aquaS‚
1696 643 1847 690 cum
1879 625 2057 687 lecta
2075 623 2401 706 juventus

629 723 1040 788 Priamidem
1069 724 1302 788 sortita
1331 723 1570 788 ducem
1598 745 1717 807 per
1745 724 1971 788 littora
1998 724 2154 788 ferri
2250 777 2257 782 .

622 825 972 912 *Discursu
1001 824 1262 907 rapido,
1291 826 1638 908 qualisque
1667 826 2073 889 abeuntibus
2104 825 2321 900 ardor,

629 925 947 990 Certatim
975 925 1272 1002 fremere,
1303 931 1371 990 et
1399 927 1625 990 varios
1654 927 1933 990 miscere
1961 926 2301 990 tumultus.

2691 930 2819 994 180

713 1026 924 1090 Haud
958 1045 1170 1103 mora,
1200 1027 1581 1090 succinctos
1614 1027 2034 1092 Nabathaeos
2066 1029 2323 1109 agmine
2348 1027 2608 1092 ducens

627 1129 890 1193 Hector
912 1127 983 1191 in
1015 1146 1202 1191 arma
1232 1127 1554 1212 PhrygeS,
1598 1128 1873 1192 comites
1898 1147 2019 1210 per
2044 1128 2299 1193 coerula
2326 1129 2515 1192 fratri

626 1231 736 1294 Ire
754 1229 978 1312 jubet,
1006 1233 1403 1311 certantque
1431 1236 1613 1292 rates
1639 1231 1893 1312 stipare
1929 1231 2148 1294 secuti

624 1331 980 1396 Poeonidae
1013 1329 1190 1393 duce
1220 1330 1619 1413 Deiphobo:
1668 1331 1833 1413 quin
1864 1331 2010 1414 ipse
2044 1331 2301 1396 Diones

625 1431 803 1515 Spes
836 1429 1282 1494 Anchisiades
1311 1449 1465 1494 cum
1497 1431 1979 1515 Polydamante
2010 1431 2311 1496 secundo

2690 1429 2817 1497 185

619 1531 666 1596 J
671 1533 854 1613 ungit
883 1551 1048 1613 opes
1075 1553 1091 1596 ε
1124 1531 1402 1615 jamque
1432 1533 1743 1614 effractas
1772 1533 2089 1616 rapiebat
2120 1551 2355 1598 arenas

624 1633 709 1696 In
739 1632 1022 1715 pelagus
1053 1632 1321 1710 classiS‚
1339 1631 1787 1717 humerosque
1816 1653 2191 1716 manusque
2216 1641 2473 1713 secuta,

625 1733 793 1798 Cum
824 1732 1090 1797 tandem
1117 1734 1504 1798 exclamans
1533 1734 1755 1818 adytis
1786 1733 2173 1800 Cassandra
2203 1734 2479 1811 relictiS‚

625 1835 802 1900 Fata
831 1835 1066 1917 aperit,
1099 1836 1455 1918 turbatque
1486 1836 1831 1918 Phryges:
1878 1843 1949 1902 at
1978 1856 2165 1902 saeva
2194 1843 2531 1901 morantes

1612 2033 1832 2084 NOTAE

621 2145 768 2196 navis
786 2151 902 2194 erat
913 2145 1105 2196 Venus.
1137 2145 1292 2194 Silius
1315 2161 1330 2192 :
1366 2145 1381 2172 ‘
1401 2146 1676 2208 Trojanam

568 2252 574 2260 -
620 2222 852 2272 ostentat
893 2222 1112 2284 trepidis
1157 2222 1224 2270 de
1265 2237 1442 2285 puppe
1476 2222 1675 2270 Miner-

619 2297 774 2346 vam!
840 2297 903 2345 In
929 2310 1088 2360 prora
1107 2297 1320 2356 σημασία
1335 2298 1444 2346 sive
1464 2297 1675 2360 παράση-

617 2389 725 2432 μον,
743 2371 925 2420 'I'acito
949 2385 1024 2421 vr.
1046 2371 1185 2421 Anu.
1217 2373 1234 2400 ⁴
1250 2371 1478 2434 Insigne’
1516 2387 1674 2435 pone-

617 2447 791 2508 batur,
815 2445 950 2495 unde
979 2446 1096 2496 navi
1119 2461 1324 2497 nomen.
1391 2448 1530 2497 Vide
1555 2462 1691 2511 pro-⁴

617 2517 724 2571 lixe
763 2522 979 2572 doctiss.
1061 2524 1335 2573 Heinsium
1380 2524 1446 2573 ad
1493 2525 1675 2575 Silium

620 2610 742 2645 xlv·
765 2612 816 2660 p.
839 2600 952 2645 484.
975 2602 1028 2645 et
1051 2596 1141 2647 lib.
1165 2610 1229 2645 11.
1264 2612 1316 2661 p.
1335 2602 1450 2648 455.
1474 2594 1529 2649 et
1552 2606 1675 2649 ante

615 2672 760 2719 illum
785 2672 1060 2721 maximum
1095 2671 1282 2735 Scalig.
1307 2672 1371 2723 ad
1393 2674 1673 2723 Eusebium

617 2761 671 2809 p.
690 2750 772 2795 39.
789 2749 871 2794 41.
903 2746 1232 2795 Villiomarus
1249 2762 1452 2811 quoque
1473 2748 1674 2811 (forsan

618 2828 676 2870 et
696 2821 785 2868 ille
814 2819 1070 2883 Scaliger)
1105 2821 1344 2869 Animad.
1385 2822 1437 2871 in
1461 2824 1675 2873 Contro-

615 2909 755 2964 uers.
787 2894 911 2942 Titii
926 2894 1016 2943 lib.
1033 2908 1138 2944 vu.
1159 2910 1208 2957 p.
1226 2900 1336 2945 139.
1351 2902 1464 2946 toto
1481 2898 1673 2961 capite.

615 2969 650 3022 J
655 2976 800 3017 ustus
813 2968 1018 3031 Lipsius
1033 2968 1264 3030 tutelam,
1279 2976 1336 3018 et
1347 2969 1548 3033 insigne
1565 2972 1675 3019 sive

561 3068 574 3074 f
616 3040 910 3107 παράσημον,
931 3044 1068 3092 male
1107 3043 1398 3107 confundit,
1433 3046 1484 3094 in
1526 3046 1674 3096 Com·

603 3125 780 3168 mem.
817 3118 884 3168 ad
923 3118 1140 3167 Senecae
1163 3122 1244 3167 76.
1277 3121 1378 3181 Ep.
1444 3119 1491 3169 A
1515 3122 1675 3171 nomi-

615 3195 768 3244 nibus
811 3194 912 3243 illis
949 3192 1250 3256 παρασήμων,
1297 3195 1434 3259 quod
1465 3188 1673 3261 jamdu-

614 3271 737 3319 dum
771 3268 1071 3319 snbodorati
1093 3277 1232 3333 sunt,
1253 3268 1454 3320 fabulas
1476 3272 1672 3321 dedux-

615 3358 706 3394 ere
727 3342 1054 3403 μυθόπλασται
1083 3345 1282 3395 Poetae.
1349 3347 1488 3397 Hinc
1517 3348 1671 3411 Jupi-

615 3428 700 3469 ter
721 3422 938 3484 Taurus,
961 3422 1192 3484 quamvis
1228 3422 1564 3486 Palaephatus
1604 3424 1669 3473 ad

615 3494 918 3557 praedonem
945 3496 1248 3545 Cretensem
1272 3498 1569 3561 transferat,
1589 3500 1669 3548 tit.

613 3571 844 3634 Europa.
909 3570 1049 3620 Hinc
1074 3573 1208 3621 aries
1241 3588 1358 3622 cum
1388 3589 1544 3623 aureo
1566 3576 1669 3623 vel·

613 3646 724 3695 lere
738 3662 756 3695 -ε
791 3660 896 3711 qua
914 3646 980 3695 de
1015 3660 1072 3695 re
1093 3648 1332 3709 Fulgent.
1361 3650 1418 3697 in
1443 3649 1665 3711 Mythol.

612 3734 656 3769 1.
675 3722 826 3771 titulo
849 3722 1188 3785 Ganymedis,
1211 3729 1266 3771 et
1289 3724 1494 3786 passim.
1535 3722 1671 3771 Vide

612 3796 898 3845 Mem-sium
923 3798 986 3845 ad
1011 3796 1354 3845 Cassandram
1378 3796 1670 3860 Lycophro-

615 3870 695 3921 nis
712 3884 764 3932 ρ.
787 3876 901 3921 820.
923 3874 1024 3921 &c.

615 3986 620 3991 .
679 3946 840 4009 Puppi
887 3946 1164 4009 proescripta
1209 3946 1394 4011 Dione]
1453 3948 1673 3999 Gemina

617 4030 736 4070 sunt
781 4023 920 4085 apud
965 4022 1120 4071 Ovid.
1157 4024 1208 4071 in
1240 4024 1410 4085 Epist.
1448 4024 1670 4087 Paridis,

617 4094 708 4159 qui
721 4097 939 4146 eundem
957 4097 1174 4160 exponit
1191 4106 1516 4160 apparatum.
1575 4139 1582 4145 .

684 4172 777 4219 177
810 4172 1092 4234 Propulsum
1121 4172 1340 4237 poscebat
1377 4172 1546 4239 aquas]
1575 4182 1671 4225 Νε-

1758 2144 1949 2208 ωλκίαν,
1980 2147 2183 2210 qualem
2226 2144 2531 2208 Apollonius
2572 2144 2736 2194 Rhod.
2773 2159 2812 2193 1.

1758 2221 2041 2282 describit;
2093 2221 2219 2271 item
2260 2221 2503 2282 Orpheus
2542 2226 2615 2268 et.
2634 2219 2811 2268 Valer-

1758 2297 1976 2346 Flaccus
2002 2297 2051 2344 iu
2076 2294 2439 2360 Argonauticis
2480 2307 2519 2342 ι.
2544 2293 2696 2342 Silius
2719 2294 2809 2342 lib.

1757 2385 1837 2421 vr.
1874 2365 2102 2436 talia'qui
2135 2372 2273 2434 ligna
2294 2369 2385 2419 lib.
2412 2383 2517 2418 ιιι.
2554 2367 2811 2417 ‘substra-

1754 2448 1928 2505 mina‚’
1946 2448 2177 2498 Isidorus
2200 2447 2215 2474 ‘
2231 2442 2501 2511 pulvinos,'
2517 2444 2710 2493 Pollux
2722 2443 2812 2507 φά-

1754 2534 1949 2587 λαγγας
1968 2532 2136 2575 vocat.
2170 2525 2321 2573 Varr.
2346 2530 2359 2553 ⁶
2374 2523 2567 2571 Poenos
2586 2512 2811 2571 homines

1756 2610 1939 2663 captos
1961 2615 2055 2665 pro
2080 2599 2340 2662 phalangis
2364 2596 2555 2645 carinae
2577 2596 2809 2659 subjece-

1757 2684 1837 2723 rat
1850 2674 1885 2735 ς’
1920 2676 1972 2723 in
2011 2674 2199 2737 fragm.
2232 2688 2353 2736 pag.
2378 2675 2492 2721 216.
2524 2672 2593 2719 de
2630 2672 2810 2735 quibus

1757 2751 2005 2801 Perottus
2042 2750 2108 2799 ad
2151 2750 2417 2813 Epigram.
2442 2747 2673 2797 Martial.
2699 2752 2809 2798 115.

1756 2826 1947 2875 Pollux
1984 2826 2073 2875 lib.
2099 2838 2157 2875 x.
2195 2839 2309 2887 cap.
2335 2828 2416 2874 31.
2496 2828 2721 2871 Νεωλκοῦ
2761 2822 2811 2871 δὲ

1756 2902 1903 2961 σκεύη
1920 2902 2193 2967 φάλαγγες,
2207 2900 2477 2965 φαλάγγια,
2496 2900 2647 2961 ὁλκοὶ,
2668 2898 2809 2961 ospol-

1759 2979 2021 3042 Apollonii
2062 2979 2321 3041 interpres
2362 2974 2632 3036 θαυμαστὸν
2684 2976 2805 3023 illud

1756 3052 1923 3116 addit,
1949 3068 2012 3101 ex
2037 3052 2229 3103 talibus
2250 3050 2469 3114 pulvinis
2500 3064 2656 3099 unum
2696 3060 2806 3112 ger-

1754 3128 1975 3177 minasse
2000 3142 2091 3177 sua
2113 3133 2272 3177 aetate
2295 3127 2475 3175 visum.
2518 3126 2808 3187 Propulsum

1747 3205 1967 3267 poscebat
1980 3203 2152 3267 aquas]
2174 3202 2261 3251 Ita
2282 3202 2399 3250 Val.
2418 3202 2667 3250 Flaccus:
2704 3202 2721 3227 ‘
2738 3201 2807 3249 Ut

1752 3279 1952 3341 pariter
1970 3279 2210 3342 propulsa
2225 3276 2387 3325 ratis!
2406 3276 2499 3326 Sil.
2514 3290 2653 3325 xvu.
2671 3276 2805 3325 ‘Nec

1751 3367 1911 3414 mora,
1930 3352 2169 3416 propulsa
2190 3352 2393 3401 sulcant
2418 3352 2551 3401 vada
2572 3352 2705 3401 salsa
2722 3366 2805 3400 ca-

1748 3428 1878 3476 rina.
1883 3427 1895 3447 ’
1952 3426 2189 3476 ibidem.
2224 3424 2538 3477 ‘Abscondit
2561 3428 2664 3476 late
2688 3441 2804 3489 pro·

1752 3501 1913 3564 pulsis
1936 3500 2197 3564 puppibus
2221 3501 2434 3565 aequor.’

1816 3580 1909 3626 181
1946 3576 2221 3625 Suc-cinctos
2257 3576 2569 3640 Nabathoeos]
2628 3577 2805 3627 Nomi·

1750 3658 1940 3701 uantur
1978 3653 2103 3701 ‘Eoi
2128 3652 2585 3717 Phryges’1.-156.
2635 3655 2803 3704 Dares

1752 3729 2027 3791 ‘Phrygas
2048 3730 2375 3794 superiores’
2397 3732 2647 3781 nominat.
2716 3748 2721 3757 ·

1817 3807 1911 3853 184
1966 3804 2230 3867 Paeoniae]
2275 3807 2509 3856 Priamus
2560 3807 2614 3854 in
2659 3808 2806 3856 Paeo-

1750 3878 1887 3927 niam
1902 3878 2116 3928 miserat
2136 3880 2464 3945 Deiphobum
2487 3880 2679 3929 milites
2703 3882 2804 3931 lec-

1754 3958 1882 4001 tum.

1817 4032 1911 4077 187
1970 4028 2293 4093 Humerosque
2334 4043 2585 4091 manusque
2624 4031 2813 4094 secuta]

1750 4102 2176 4227 {uccellamiuQ
2229 4110 2286 4152 ut
2322 4116 2399 4154 iv.
2441 4108 2555 4153 289.
2612 4105 2803 4157 descri-

1789 4178 1849 4227 it.
