3173 4957
564 372 694 435 440

567 530 830 595 Fronde
862 548 1093 594 comas
1121 538 1340 607 nexae,
1375 535 1744 613 sanctoque
1773 532 2279 613 astare-parenti

1242 418 1251 427 .
1350 384 1656 433 Josm’m
1707 382 1960 433 lscAm

564 632 820 697 Iliades
838 632 1079 715 jussae,
1109 633 1493 713 spumantia
1523 632 1700 696 lacte
1734 633 1992 695 serenis

565 732 851 816 Cymbia
877 733 1238 798 devolvunt
1260 732 1584 801 flammis:
1629 752 1753 811 rex
1781 733 1932 815 ipse
1960 733 2346 799 ministrans

564 835 853 900 Idaliam
880 834 1131 900 delibat
1162 852 1379 911 avem,
1412 836 1513 898 sic
1538 840 1692 899 ante
1722 841 2075 917 precatus:

649 937 833 1001 Diva
859 944 1103 1020 potens
1130 936 1489 1013 hominum,
1524 936 1753 1000 divum
1784 936 2142 1020 imperiosa
2171 939 2504 1023 voluptaS,

562 1037 747 1103 Vera
774 1036 994 1103 Deum
1024 1038 1327 1115 soboles,
1355 1038 1560 1102 nostri
1591 1036 1886 1102 Tritonis
1915 1039 2205 1114 alumna,

2660 1042 2748 1107 25

562 1138 765 1203 Alma
796 1138 1049 1218 VenuS,
1085 1160 1199 1204 seu
1222 1146 1289 1204 te
1321 1139 1676 1205 convivam
1699 1139 2001 1223 Tethyos
2023 1160 2193 1205 urna

560 1241 825 1319 Poscit,
856 1262 977 1305 seu
1004 1248 1231 1306 nectar
1259 1260 1594 1324 superum,
1627 1262 1751 1305 seu
1782 1242 1954 1305 forte
1981 1261 2278 1325 papaver

562 1342 890 1424 Elysium,
919 1342 1115 1407 flecte
1144 1343 1288 1406 haec
1320 1348 1579 1407 teneros
1609 1342 1696 1405 ad
1727 1342 1908 1405 dona
1925 1342 2217 1425 jugaleS,

562 1442 723 1507 Hos
754 1444 1025 1525 dignare
1052 1443 1284 1508 favos:
1328 1463 1447 1508 nec
1477 1444 1655 1507 enim
1683 1449 2017 1509 mactante
2047 1446 2267 1508 securi

562 1544 777 1609 Grata
805 1546 1025 1608 minus
1054 1544 1171 1628 pia
1202 1564 1397 1610 sacra
1424 1546 1590 1610 tibi:
1636 1547 1696 1609 si
1726 1546 1927 1628 digna
1947 1546 2244 1624 litamur„

562 1647 871 1710 Exorata
898 1646 1071 1723 veni,
1101 1653 1483 1728 partemque
1513 1647 1833 1713 haustura
1863 1648 2216 1711 recumbe:

563 1746 761 1813 Celsa
782 1744 946 1813 lieet
965 1747 1230 1812 caleant
1260 1755 1544 1811 centeno
1578 1748 1766 1813 thure
1796 1747 2131 1828 Citbaera3

563 1847 820 1915 Idalios
847 1847 1159 1913 modulos
1188 1854 1410 1915 nectat
1434 1868 1712 1930 nemus;
1757 1851 1966 1915 ardua
1996 1849 2205 1933 Cypri

1484 2030 1842 2052 OOO‘OOOOOOOO

626 2114 943 2207 zoxSanctmis
961 2141 1196 2192 Ma-sz
1216 2142 1422 2225 Idalium
1445 2145 1586 2195 Mor.
1607 2154 1663 2196 et
1679 2146 1942 2211 Spondan.
1963 2151 2114 2203 vectat
2139 2146 2274 2196 Mor.
2300 2151 2354 2195 et
2377 2158 2494 2193 mox
2511 2149 2740 2194 crescunt.

1548 2290 1600 2339 N
1606 2290 1766 2340 0¹1*AE

560 2401 760 2451 Bacchi
793 2400 1033 2451 comitem
1071 2400 1176 2450 vini
1214 2415 1307 2450 usu
1343 2402 1555 2453 invento
1586 2417 1618 2452 a

562 2494 637 2540 se,
654 2477 944 2543 pastoribus
960 2477 1014 2532 id
1038 2478 1355 2541 propinasse,
1370 2481 1457 2544 qui
1480 2478 1619 2530 ebri-

562 2556 653 2614 oli,
674 2568 871 2604 veneno
907 2569 963 2618 μ
1004 2560 1233 2605 tentatos
1255 2555 1379 2605 dum
1411 2564 1616 2619 putant,

558 2630 769 2680 Icarum
820 2620 1157 2690 interimunt?
1239 2630 1367 2681 Rom
1412 2646 1618 2683 omnem

560 2704 909 2769 Apollodorus
933 2718 1021 2754 m.
1045 2709 1157 2754 197.
1186 2707 1417 2769 exponit.
1484 2707 1616 2758 Haec

562 2796 684 2832 vero
697 2778 848 2831 olent
882 2780 1091 2844 Papinii
1128 2781 1485 2837 imitationem,
1525 2785 1617 2847 qui

558 2870 637 2906 xv.
661 2856 823 2906 Theb.
846 2858 863 2885 ⁴
884 2855 1109 2906 Inclinat
1129 2857 1321 2906 Bacchi
1344 2858 1540 2913 latices,
1562 2864 1619 2907 et

555 2946 775 2982 munera
798 2931 942 2980 verni
980 2931 1177 2992 Laetis,
1210 2938 1267 2981 et
1292 2932 1502 2982 Actaeos
1526 2933 1616 2982 im-

558 3005 680 3054 bres
702 3005 984 3069 sudumque
1009 3006 1277 3058 cruorem.’

625 3081 797 3132 Fracta·
834 3081 1078 3130 Phoenicis
1114 3083 1299 3146 odores]
1348 3083 1523 3134 Thura
1558 3092 1616 3138 et

558 3156 817 3219 cinnama,
855 3167 912 3207 et
949 3172 1065 3222 quae
1100 3160 1249 3222 plura
1286 3161 1444 3211 habes
1476 3165 1615 3226 apud

562 3234 723 3285 ovid.
763 3236 984 3285 Metam.
1029 3249 1123 3286 xv.
1167 3234 1271 3286 fab.
1312 3243 1395 3288 39.
1478 3240 1615 3289 Vide

558 3310 918 3376 Claudianum,
932 3317 987 3361 et
1010 3313 1333 3362 Lactantium
1358 3316 1413 3365 in
1434 3315 1611 3365 Poe'm.

557 3388 623 3438 de
647 3388 911 3438 Pboenice.
953 3389 970 3416 ‘
991 3389 1163 3439 Fracti
1188 3389 1448 3450 Phoenicis
1464 3391 1478 3414 '
1512 3400 1611 3448 est,

555 3466 703 3516 senio
726 3464 973 3514 confecti.
1016 3465 1226 3516 Lucret.
1250 3481 1312 3516 11.
1334 3469 1349 3494 ⁸
1365 3467 1498 3519 Inde
1522 3470 1614 3518 mi-

557 3542 781 3592 nutatim
803 3541 934 3591 viree
953 3547 1007 3591 et
1026 3541 1182 3591 robur
1205 3543 1436 3593 adultum
1455 3544 1613 3595 Fran·

558 3617 655 3680 git,
702 3624 758 3666 et
796 3617 848 3666 in
884 3623 1085 3681 partem
1128 3617 1358 3680 pej0re1n
1398 3618 1614 3682 liquitur

559 3691 719 3742 atas!

622 3772 689 3817 20
728 3767 993 3830 Sancteque
1050 3772 1209 3816 astare
1255 3767 1471 3830 parenti]
1524 3769 1614 3819 Sic

560 3843 697 3908 apud
713 3844 903 3908 Papin.
923 3843 1149 3892 Adrasto
1160 3842 1350 3893 adsunt
1360 3843 1480 3892 filim
1497 3861 1509 3892 z
1531 3851 1545 3872 ‘
1558 3860 1616 3893 o·

560 3921 767 3984 cnliquc
790 3919 874 3970 Ad
893 3926 1124 3969 sanctum
1143 3917 1347 3968 rediere
1366 3929 1565 3982 patrem
1580 3921 1614 3970 :’

561 3996 696 4058 quod
720 3997 1037 4048 Tertulliano
1061 3996 1115 4046 in
1138 3994 1353 4059 pudore,
1374 4003 1454 4044 est
1489 3996 1505 4026 ‘
1520 3997 1613 4046 de-

560 4070 752 4121 ducere
772 4072 982 4122 oculos!

624 4150 687 4198 23
722 4147 923 4198 Idaliam
940 4147 1119 4198 delibat
1134 4146 1291 4211 avem]
1340 4146 1610 4211 Aristoph.

558 4222 614 4273 in
656 4220 811 4274 Avib.
853 4222 1215 4284 προσνείμασθαι
1250 4221 1306 4274 δὲ
1345 4221 1613 4310 affacis-rm

1695 2406 1827 2453 Τοῖσι
1859 2405 2032 2455 θεοῖσιν
2056 2406 2152 2454 τῶν
2171 2403 2378 2467 ὀρνίθων,
2415 2402 2468 2452 ts
2489 2402 2548 2452 &v
2567 2400 2744 2467 ἅρμόζῃ

1697 2482 1798 2532 καθ’
1817 2481 2035 2532 ἕκαστον.
2098 2483 2232 2532 Vide
2253 2497 2362 2545 seq.

1761 2562 1824 2610 25
1860 2559 2031 2608 Nostri
2054 2558 2262 2608 Tritonis
2281 2559 2493 2622 mm]
2527 2556 2664 2608 Vide
2684 2571 2748 2606 n.

1695 2637 1812 2685 ⁴28.

1759 2712 1824 2758 2⁷
1857 2708 1953 2758 Seu
1972 2709 2109 2767 sorte
2125 2723 2332 2772 papaver
2353 2705 2598 2772 Elysium]
2645 2707 2750 2757 Cur

1694 2784 1711 2811 ⁸
1735 2783 1966 2844 Elysium
1980 2782 2023 2832 Ρ
2063 2785 2184 2847 quia
2220 2783 2371 2846 Virg.
2418 2785 2433 2810 ⁶
2449 2781 2748 2832 Lethoeum’

1699 2859 2007 2908 nominarat.
2029 2872 2105 2907 ιν.
2129 2859 2198 2908 G.
2253 2857 2389 2908 Item
2425 2871 2464 2907 1.
2499 2859 2515 2884 ‘
2533 2857 2746 2908 Lethaeo

1697 2932 1902 2997 perfusa
1918 2948 2174 2998 papavera
2191 2948 2365 2982 somno
2380 2933 2414 2994 3²
2429 2932 2749 2989 Dioscomv.

1697 3008 1829 3067 κοινὴ
1843 3009 2064 3070 μηκύνων
2078 3008 2267 3068 δύναμις
2281 3009 2498 3068 nitamini),
2520 3015 2576 3056 et
2593 3007 2747 3070 paulo

1699 3095 1832 3148 post,
1858 3085 2036 3135 πλείων
2054 3084 2212 3135 ποθεὶς
2246 3083 2455 3141 βλάπτει
2485 3085 2628 3132 ποιῶν
2658 3091 2747 3140 λη·

1696 3159 1938 3225 flamma-irs
1977 3160 2054 3210 καὶ
2087 3161 2289 3225 ἀναιρεῖς
2323 3169 2380 3210 et
2413 3160 2748 3223 Proserpina,
2841 3198 2846 3201 ,

1696 3238 1816 3301 quia
1842 3252 2070 3301 papaver
2092 3237 2230 3301 apud
2265 3236 2470 3285 Inferos
2497 3243 2750 3299 gustarat,

1694 3315 1847 3364 matri
1869 3314 2070 3363 restitui
2089 3327 2190 3362 non
2215 3313 2403 3377 potuit.
2469 3313 2556 3362 De
2590 3326 2750 3374 papa-

1696 3405 1816 3440 vere
1839 3389 2078 3440 Paschal.
2103 3404 2189 3439 111.
2215 3394 2294 3439 17.
2322 3390 2467 3453 Virg.
2501 3395 2516 3419 ⁸
2533 3389 2748 3438 Cereale

1694 3481 1920 3530 papaver
1934 3466 1948 3486 ⁹
1971 3466 2222 3528 nominat,
2245 3466 2365 3528 quia
2388 3466 2439 3515 in
2462 3463 2622 3514 tutela
2643 3463 2748 3512 Ce-

1695 3541 1841 3589 reris.
1903 3540 2077 3594 ,Omen
2104 3541 2239 3602 quod
2269 3539 2555 3604 captabant
2575 3552 2749 3590 aman-

1697 3625 1776 3666 tes
1815 3617 2028 3675 ἆποτῆλε
2061 3618 2208 3679 φίλου
2242 3630 2554 3680 papaverum
2590 3615 2748 3678 foliis,

1693 3695 1909 3755 exponit
1927 3694 2116 3743 Caelius
2134 3693 2304 3743 Rhod.
2329 3706 2472 3742 xvn.
2494 3696 2544 3742 4.
2593 3691 2747 3740 Eras-

1695 3783 1806 3817 mus
1840 3770 1892 3816 in
1928 3770 2164 3832 proverb.
2197 3769 2434 3831 ‘crepitu
2471 3765 2750 3830 prohabi⁸,'

1695 3850 1748 3892 et
1774 3844 2034 3906 Hartung.
2057 3844 2111 3892 in
2129 3845 2278 3894 Thes.
2295 3844 2426 3893 crit.
2450 3847 2574 3902 ⁷28,
2589 3847 2638 3892 8.
2655 3843 2743 3890 Se.

1696 3923 1776 3968 18.
1832 3919 1916 3969 De
1939 3918 2190 3969 vocabulo
2209 3920 2226 3947 ⁸
2246 3918 2515 3983 papaveris
2530 3917 2546 3942 '
2570 3918 2749 3968 Meur-

1693 3995 1798 4044 siua
1820 3995 1883 4044 ad
1906 3995 2167 4044 Plautum.
2797 4041 2802 4048 .

1755 4077 1820 4124 28
1859 4073 2060 4124 Tener-os
2079 4074 2142 4122 ad
2161 4070 2507 4134 confingam]
2543 4070 2746 4122 Colum·

1691 4148 1801 4198 bas.
