3173 4957
569 403 702 470 604
832 417 1050 466 No‘rAE
1096 413 1497 464 unionum
1549 415 1629 463 11⁴1
1690 413 1987 463 mc‘rrm·
2022 411 2498 468 cannensem,

567 563 688 610 249.
739 561 1034 624 Anonymus
1095 560 1292 622 pariter
1334 565 1390 608 et
1447 560 1633 608 Eusta-

576 637 712 684 thius
751 645 1034 686 annotant:
1087 636 1199 683 ἀλλ’
1225 634 1386 692 ἐπειδὴ
1405 632 1632 682 Πλεισθέέ

573 729 656 768 ms
677 711 798 762 Νέας
817 714 1042 775 τελευτᾷ,
1063 709 1208 772 μηδὲν
1225 710 1504 772 καταλήψεις
1516 709 1633 771 μνή·

571 803 663 847 μηδ’
681 787 826 848 ἄξιον,
842 786 936 836 νέοι
949 785 1072 835 πάνυ
1089 786 1438 849 ἃνατραφέντες
1459 787 1532 834 ὑπ’
1555 783 1631 834 ’A-

571 860 730 925 τρέφε,
750 864 895 912 αὐτοῦ
911 865 1072 912 παῖδες
1089 861 1374 921 ἐκλήθησαν.

639 941 666 1002 §
689 943 722 988 2
741 939 954 1002 Itemque
975 941 1198 990 insecutis
1215 941 1391 989 diebus.
1441 941 1512 989 At
1535 939 1633 988 Re-

571 1027 660 1076 ges
707 1016 934 1078 Groecioe]
970 1017 1048 1065 Ex
1091 1025 1335 1079 corrupta
1367 1017 1468 1065 Ms.
1502 1015 1633 1078 Arg.

571 1090 819 1150 lectione,
853 1105 1070 1156 pronum
1111 1089 1212 1140 fuit
1243 1092 1374 1138 banc
1419 1090 1631 1154 probam

575 1167 912 1218 concinnat-ez
938 1168 1094 1215 babet
1109 1167 1266 1227 enim,
1281 1168 1297 1194 ‘
1314 1167 1543 1230 itemque
1558 1168 1633 1214 in-

514 1287 518 1290 .
575 1241 768 1288 secutis
793 1240 974 1290 diebus
997 1241 1145 1290 Atrei
1171 1240 1376 1304 gratia!

643 1317 670 1377 ξ
691 1319 720 1362 3
750 1317 902 1365 AEnea
925 1316 1122 1379 aliisque
1139 1331 1200 1366 ex
1223 1315 1633 1377 consanguinitate

573 1391 847 1454 comitibus]
887 1393 977 1442 Sic
1012 1393 1139 1456 Arg.
1173 1393 1274 1443 Ms.
1309 1400 1364 1441 et
1395 1394 1479 1441 ed.
1520 1395 1633 1442 Me·

575 1467 699 1516 ‹lio-l.
717 1467 808 1515 sed
825 1469 1092 1516 Mereerus
1111 1481 1314 1517 suorum
1330 1467 1494 1518 Codd.
1514 1483 1635 1517 auc-

573 1543 788 1594 toritate
813 1542 1046 1592 ‘AEn'eam
1063 1543 1078 1565 '
1101 1545 1366 1606 expungit,
1387 1559 1488 1592 non
1513 1559 1635 1592 con·

577 1619 756 1670 venire
799 1635 916 1670 cum
956 1622 1197 1684 sequenti
1241 1621 1456 1670 historia
1500 1622 1634 1670 bunc

577 1692 754 1750 AEneae
777 1697 1082 1746 comitatum
1107 1707 1249 1746 ratus
1270 1715 1285 1746 ε
1319 1704 1374 1746 at
1399 1697 1487 1762 qui
1525 1711 1637 1746 ora·

577 1771 774 1822 tionem
813 1772 1000 1835 legerit
1039 1789 1192 1836 quam
1237 1773 1414 1821 AEneae
1453 1781 1637 1823 contra

577 1845 875 1896 Menelaum
901 1848 1083 1897 tribuit
1103 1849 1323 1911 Septim.
1349 1862 1409 1900 n.
1433 1853 1514 1897 26.
1549 1849 1636 1898 vix

577 1924 846 1973 mirabitur
869 1927 1064 1988 raptori
1087 1927 1329 1975 comitem
1353 1925 1636 1989 fuisse‚qui

579 2007 786 2062 raptum
800 2008 902 2048 tum
921 2001 1112 2049 acriter
1133 2009 1444 2064 propugnat.
1468 2001 1637 2064 Scrip-

581 2079 688 2121 tum
733 2081 906 2123 tamen
945 2077 1030 2124 bie
1071 2075 1208 2125 forte
1245 2076 1447 2124 fuerat:
1484 2078 1500 2105 ‘
1527 2077 1637 2126 Per

579 2148 716 2196 idem
762 2156 968 2213 tempus
1014 2152 1318 2200 Alexander
1374 2153 1636 2216 Phrygius

582 2224 799 2287 Priami,
823 2223 1068 2276 frutribus
1091 2228 1308 2292 aliisque
1332 2243 1398 2276 ex
1421 2243 1638 2278 consan-

577 2301 837 2362 guinitate
859 2303 1168 2351 comitibus?

645 2377 869 2426 AEthram
889 2379 1032 2426 etiam
1052 2385 1099 2427 et
1125 2380 1398 2442 Clymenam
1429 2379 1639 2428 Menehi

577 2452 763 2517 affines]
801 2453 1026 2505 Joannes
1051 2454 1405 2503 Antiochenus
1448 2454 1499 2503 in
1535 2457 1639 2505 Ex-

581 2530 776 2593 cerptis
815 2532 1176 2592 Peirescianis‚
1205 2547 1270 2581 ex
1306 2532 1466 2597 Dicty
1487 2532 1639 2583 (ἴτω-

581 2620 676 2654 eo:
727 2608 936 2665 συνῆσαν
979 2606 1031 2656 δὲ
1071 2606 1240 2672 ’Βλένῃ
1275 2608 1422 2671 Αἴθρα
1463 2626 1520 2655 τε
1559 2608 1639 2657 καὶ

579 2680 820 2743 Κλυμένη,
862 2683 920 2731 ἐκ
969 2683 1061 2731 τοῦ
1107 2681 1276 2744 ’γένους
1318 2682 1638 2745 καταγόμενα

581 2756 800 2807 Πέλοπος
831 2758 908 2808 καὶ
944 2759 1180 2821 Εὐρώπης.
1247 2760 1441 2809 Noster
1477 2772 1553 2807 vt.
1588 2766 1637 2809 2.

581 2836 596 2859 ⁴
617 2832 834 2885 Interim
873 2834 1178 2883 Mnestheus
1223 2848 1340 2882 cum
1365 2834 1550 2883 AEtbra
1584 2843 1637 2884 et

583 2907 833 2969 Clymene
867 2907 972 2957 filia
1003 2908 1113 2970 ejus
1147 2908 1214 2957 ab
1236 2908 1639 2959 Atheniensibus

581 2982 866 3045 recipitur.’

649 3060 678 3120 ς
700 3064 730 3105 5
771 3058 1109 3121 Proper-atione
1141 3058 1344 3122 navigii,
1381 3060 1640 3111 inconsulte

583 3147 717 3180 usum
756 3134 886 3181 venti
921 3134 984 3181 ad
1025 3136 1238 3197 Cyprum
1272 3135 1514 3198 appulere]
1551 3137 1637 3187 lta

583 3208 802 3258 Mediol.
825 3216 882 3260 et
906 3210 1087 3258 Venet.
1106 3212 1122 3237 ⁶
1143 3211 1430 3259 inconsulte
1455 3213 1635 3274 usum,'

581 3284 775 3334 subint.
819 3286 836 3313 ⁴
857 3287 1024 3335 ventis
1042 3285 1073 3333 ε’
1131 3285 1287 3335 ovid.
1334 3288 1466 3337 Met.
1509 3300 1637 3336 xm.

581 3364 696 3410 419.
729 3371 747 3397 ‘
754 3360 911 3424 jubet
933 3362 1007 3411 uti
1031 3362 1208 3411 navita
1231 3362 1435 3411 ventis.'
1470 3364 1638 3414 Porro

583 3445 779 3498 autem,
807 3446 866 3487 ut
887 3438 989 3500 hic,
1007 3440 1022 3467 ‘
1042 3439 1185 3489 venti
1207 3439 1274 3487 nd
1299 3440 1526 3504 Cyprum
1549 3458 1641 3505 ap·-

585 3514 785 3577 pnlere,
809 3515 882 3563 sic
905 3528 970 3565 11.
992 3516 1064 3564 1.‘
1081 3521 1350 3578 postquam
1376 3516 1440 3564 ud
1459 3517 1639 3568 Mnesi-

583 3604 728 3639 orum
740 3590 1000 3651 regionem
1017 3590 1280 3639 universas
1295 3592 1482 3640 classes
1499 3596 1639 3643 venti

583 3664 869 3728 appulere!
935 3668 950 3693 ‘
973 3666 1278 3728 Navigium'
1326 3676 1496 3728 antem
1545 3684 1641 3732 pro

584 3742 600 3770 ‘
620 3740 1019 3805 navigatione...'
1043 3743 1247 3803 passim.
1263 3754 1326 3791 n.
1346 3747 1425 3793 10.
1443 3744 1535 3793 ‘At
1553 3746 1639 3794 ubi

583 3819 851 3868 instructa»,
869 3818 1074 3867 omnino
1089 3818 1300 3880 classes,
1313 3827 1370 3867 et
1392 3832 1530 3867 mare
1547 3835 1637 3869 na-

587 3895 710 3958 ‘vigii
729 3893 971 3960 patiens.'
994 3908 1046 3943 v.
1059 3898 1137 3944 16.
1154 3896 1170 3923 ‘
1187 3896 1423 3957 Urgente
1446 3900 1639 3963 navigii

587 3969 855 4036 tempore.’
871 3976 1032 4021 vno-⁸
1043 3972 1445 4035 Neoptolemum
1461 3975 1513 4023 in
1525 3992 1640 4039 spe·

583 4046 738 4095 lunca
759 4046 1029 4109 fatigatum
1047 4048 1252 4109 navigio
1267 4062 1546 4115 somnoque
1558 4053 1641 4115 ja-

585 4122 739 4170 cere?
803 4124 891 4172 Ita
923 4124 1078 4172 etiam
1112 4125 1348 4173 Scoevola
1381 4127 1430 4174 in
1465 4129 1498 4176 l.
1524 4133 1639 4181 121.

589 4198 659 4246 D.
682 4198 748 4245 de
769 4198 930 4248 Veri».
957 4199 1133 4262 Oblig.
1155 4201 1172 4229 ‘
1195 4200 1362 4265 quue
1383 4205 1637 4256 creditum

585 4286 702 4323 esse
725 4274 778 4323 in
803 4287 977 4323 omnes
1010 4276 1202 4339 navigii
1235 4278 1378 4329 dies?
1411 4288 1466 4332 et
1490 4297 1639 4334 moxi

1703 559 1719 586 ‘
1738 558 1977 606 redderet
2000 559 2287 606 universam
2322 557 2573 607 continuo
2604 569 2775 619 pecu·-

1704 634 1860 695 niam,
1882 634 2026 698 quasi
2048 634 2289 698 perfecto
2308 633 2554 697 navigio!
2604 635 2773 684 Forte

1706 719 1762 760 et
1784 710 2020 762 Lucretii
2052 703 2180 759 illud
2206 710 2391 759 referri
2429 712 2529 758 hnc
2552 717 2711 770 queat
2734 725 2773 758 e

1706 787 1739 837 l.
1762 801 1815 835 v·
1850 788 1867 815 ⁴
1883 787 1933 835 N
1938 801 1997 834 ec
2022 791 2229 848 poterat
2250 799 2543 848 quenquam
2570 783 2773 847 placidi

1706 864 1923 928 pellacia
1955 863 2113 912 Ponti
2148 863 2379 912 Subdola
2418 863 2670 925 pellicere
2716 863 2773 910 in

1704 937 1937 988 fraudem
1972 939 2263 988 ridentibus
2295 939 2476 986 undis:
2513 938 2775 1001 Improba

1704 1014 1896 1076 navigii
1920 1014 2051 1063 ratio
2072 1021 2179 1063 tum
2196 1013 2605 1076 coecajaeebat.'

1778 1089 2060 1139 Universum
2082 1091 2269 1138 domum
2288 1089 2386 1148 eius
2414 1090 2463 1136 in
2486 1089 2640 1138 scelus
2656 1101 2777 1151 pro·

1702 1167 1860 1229 prium
1888 1166 2149 1230 convertit]
2171 1165 2395 1214 Sceleris
2422 1165 2501 1214 sni
2536 1165 2775 1226 praedam

1706 1242 1815 1289 sive
1830 1241 2097 1289 materiam
2106 1239 2248 1288 fecit.
2262 1242 2604 1300 μπωνυμικῶς.
2618 1253 2789 1304 pror·—

1707 1331 1793 1365 s‘us
1818 1317 1943 1365 utin
1968 1316 2057 1364 illo
2082 1316 2279 1364 Lucani
2321 1316 2507 1363 Phars.
2543 1329 2609 1365 ιι.
2648 1318 2771 1366 266.

1705 1395 1722 1421 ⁴
1744 1393 1873 1444 Quis
1890 1393 2029 1440 nolet
2048 1390 2115 1439 ab
2135 1391 2235 1439 isto
2259 1392 2397 1438 Ense
2414 1389 2568 1451 mori,
2588 1405 2777 1452 qnam·

1710 1468 1783 1516 vis
1800 1468 1967 1516 alieno
1986 1467 2197 1514 vulnere
2216 1466 2407 1528 labens,
2421 1467 2489 1514 Et
2501 1467 2679 1514 scelus
2692 1479 2775 1514 es-

1708 1558 1764 1592 se
1784 1552 1925 1592 tuum
1940 1542 1975 1590 ?’
1993 1542 2229 1606 Itemque
2244 1541 2400 1590 ovid.
2421 1541 2635 1590 Heroid.
2650 1555 2775 1590 ΧΠ.

1708 1625 1825 1670 294.
1837 1621 2019 1668 ‘Casta
2035 1626 2210 1668 tamen
2226 1627 2335 1668 tum
2353 1620 2419 1668 sis
2436 1635 2553 1668 cum
2576 1628 2630 1668 te
2654 1633 2777 1670 mea

1708 1697 1868 1759 Troja
1886 1696 2089 1745 tenebit
2104 1705 2125 1744 τ’
2144 1697 2213 1744 Et
2230 1703 2319 1744 tua
2332 1695 2653 1759 sim3quaeso,
2672 1697 2782 1745 eri·

1708 1774 1847 1823 mina
1880 1776 2019 1823 solus
2050 1774 2181 1837 ego!
2246 1774 2463 1822 Sensum
2496 1773 2671 1822 bausit
2706 1787 2777 1821 ex

1708 1851 1920 1901 Sallust.
1949 1851 2073 1914 Jug.
2096 1865 2213 1900 xlv.
2246 1852 2261 1879 ‘
2282 1865 2347 1900 ex
2369 1853 2651 1914 improviso
2676 1852 2779 1903 Ju-

1711 1929 1911 1991 gurtba,
1930 1927 2252 1976 intoleranda
2275 1927 2511 1990 audacia,
2550 1931 2779 1991 scelere,

1711 2010 1869 2066 atque
1903 2003 2151 2065 superbia
2176 2016 2287 2051 sese
2320 2001 2564 2064 efferen3‚
2601 2002 2773 2054 fratre

1709 2091 1835 2126 mec
1850 2086 2006 2142 atque
2040 2077 2221 2127 eodem
2246 2079 2536 2143 propinquo
2569 2095 2665 2128 sno
2698 2083 2780 2128 in·

1710 2153 1954 2216 terfecto,
2010 2169 2220 2218 regnum
2278 2157 2385 2218 ejus
2428 2157 2642 2218 sceleris
2692 2157 2776 2205 sui

1711 2230 1938 2294 praedam
1954 2230 2121 2280 fecit!
2148 2231 2781 2293 ImitatorSallustii‚8nl-·

1712 2305 1871 2369 pitius
1902 2306 2121 2354 Severus
2146 2306 2283 2354 Hist.
2307 2307 2507 2354 Eccles.
2531 2321 2570 2355 1.
2610 2309 2775 2358 ‘Joas

1712 2381 1935 2430 Amasiae
1957 2381 2107 2430 civile
2125 2381 2315 2430 bellum
2340 2382 2536 2444 intulit,
2556 2384 2777 2433 victori-

1712 2467 1844 2519 aque
1860 2455 2078 2519 potitus,
2096 2456 2307 2507 multem
2328 2457 2553 2519 praedam
2578 2459 2632 2506 in
2658 2473 2781 2523 reg·

1710 2545 1831 2579 num
1854 2546 2000 2580 suum
2018 2532 2313 2582 convertit.'
2368 2534 2634 2583 Caeternm
2654 2550 2777 2584 sen-

1712 2608 1877 2657 tentia
1899 2608 2055 2657 etiam
2081 2608 2131 2655 in
2156 2609 2334 2671 vulgus
2352 2617 2496 2670 nota,
2511 2624 2637 2672 opes
2664 2626 2779 2660 ma-

1711 2684 1842 2731 teria
1865 2684 2135 2733 scelerum.
2178 2683 2372 2733 Justin.
2396 2698 2484 2734 111.
2506 2690 2553 2733 2.
2578 2685 2647 2733 de
2672 2688 2783 2750 Ly-

1710 2770 1899 2822 curgo:
1943 2761 1959 2790 ⁶
1976 2759 2107 2807 Auri
2154 2767 2309 2825 atque
2354 2763 2559 2824 argenti
2601 2777 2774 2825 usum,

1714 2836 1855 2883 velut
1900 2836 2125 2885 omnium
2181 2838 2435 2886 scelerum
2482 2840 2778 2903 materiam,

1712 2909 1961 2959 sustulit.’

1778 2986 1972 3049 Reliqui
1990 2988 2191 3051 proedoe]
2214 2986 2303 3037 Sic
2320 2986 2449 3051 Arg.
2474 2990 2633 3053 vulgo
2656 2992 2673 3019 ⁴
2693 3006 2775 3042 re·

1714 3061 1873 3124 liquae
1897 3062 2129 3125 praedaess
2461 3085 2467 3094 =

1782 3138 1904 3186 Cum
1924 3138 2156 3187 obstinate
2172 3137 2225 3185 1ιί
2250 3138 2401 3199 Regis
2426 3154 2585 3189 necem
2606 3142 2781 3202 defen·

1712 3212 1899 3274 der-ent]
1931 3212 1993 3260 Id
2016 3219 2119 3277 est,
2142 3226 2237 3275 pro
2261 3214 2574 3265 vindicanda
2612 3220 2775 3281 Regis

1712 3304 1841 3338 nece
1863 3296 2175 3353 pugnarent.
2242 3290 2437 3340 Noster
2460 3292 2597 3342 infra
2622 3309 2701 3345 vr.
2724 3300 2779 3345 2.

1714 3369 1729 3395 ‘
1748 3367 1955 3416 Teucer
1980 3366 2265 3429 prohibitus
2288 3368 2546 3418 Salamina
2572 3387 2602 3419 a
2622 3372 2776 3421 Tela-

1714 3456 1884 3506 mone,
1908 3442 2045 3505 quod
2076 3441 2291 3492 fratrem
2316 3444 2515 3493 insidiis
2552 3448 2777 3497 circum-

1714 3524 1923 3567 ventum
1956 3532 2058 3567 non
2103 3517 2457 3570 defendisset?
2524 3520 2635 3573 Pro
2666 3540 2777 3589 quo

1713 3593 1964 3654 Velleius,
1986 3606 2025 3643 1.
2051 3597 2097 3643 l.
2130 3594 2360 3643 ‘Teucer
2381 3610 2483 3645 non
2503 3609 2775 3663 receptnS,

1714 3670 1783 3719 ob
1828 3670 2105 3733 segnitiam
2140 3684 2243 3718 non
2281 3672 2555 3722 vindicatae
2594 3674 2778 3727 fratris

1713 3745 1948 3809 injuriae!
2014 3746 2253 3808 Legionis
2290 3751 2366 3797 13.
2400 3748 2593 3799 milites
2630 3754 2777 3815 apud

1714 3824 1847 3873 Caes.
1884 3823 1951 3872 de
1986 3824 2048 3872 B.
2074 3823 2185 3872 Civ.
2210 3836 2249 3873 1.
2271 3828 2321 3873 7.
2363 3826 2521 3874 ‘Sese
2557 3838 2775 3891 paratos

1715 3912 1849 3959 esse,
1912 3898 2256 3961 conclamant,
2310 3898 2647 3962 Imperatoris
2692 3905 2773 3953 sui

1714 3976 2165 4038 Tribunorumqne
2206 3974 2371 4037 plebis
2416 3977 2633 4038 injurias
2680 3982 2776 4032 de·

1712 4048 1969 4099 tendere?

1778 4128 1807 4189 ς
1826 4130 1861 4175 6
1884 4123 2195 4184 Interjaciens
2212 4128 2480 4175 memoriam
2508 4130 2779 4183 dium-dia,-

1712 4216 1820 4251 νυνι
1842 4201 1911 4249 112·
1930 4204 1975 4249 et
2002 4200 2217 4263 Pelopis]
2240 4200 2442 4265 Coeptae
2466 4205 2547 4253 bae
2570 4206 2773 4259 discor·

1712 4278 1811 4327 ἀίω
1833 4278 1971 4329 iuter
1990 4275 2175 4326 Troiim
2204 4281 2259 4325 et
2280 4277 2591 4343 Tantalum3·
2626 4286 2770 4335 illum
