3173 4957
983 399 1078 446 DE
1129 401 1368 448 BELLO
1415 401 1757 454 TROJANo
1810 409 1952 458 [ΑΒ.
2004 413 2054 458 1.

413 536 600 606 Leda
631 537 1014 619 CerauneiS,
1032 550 1102 609 et
1131 544 1446 612 fratribus
1480 549 1787 633 Orithyia

411 637 734 716 IsmariiS,
766 640 1128 726 laudatque
1157 666 1350 710 suum
1390 648 1765 732 Calydonia
1794 662 2003 718 mater

411 737 722 817 OEniden,
753 743 1046 806 nondum
1079 753 1331 810 tantum
1365 768 1599 828 soror3
1636 751 1907 835 Orphea
1937 755 2251 833 ThraceS,

407 837 708 903 Arcades
739 843 1119 922 Admetum,
1148 845 1611 932 Thalaumque
1639 858 1707 916 et
1734 854 1999 920 Thesea
2029 865 2097 922 et
2126 858 2313 923 Idam

406 935 859 1024 Antaeumque
889 947 1084 1009 urbes
1117 949 1361 1013 variae:
1406 970 1534 1015 sua
1564 953 1817 1019 moenia'
1848 977 2207 1041 quemque.
2464 961 2595 1028 205

495 1039 589 1104 At
619 1041 1146 1126 Peloponnesum
1179 1066 1328 1114 cum
1359 1052 1588 1133 praeda
1625 1055 1834 1120 divite
1858 1055 1905 1122 J
1912 1078 2079 1122 ason

408 1140 762 1224 Occupat3
793 1145 1036 1228 insigni
1067 1149 1337 1214 lascivit
1363 1154 1548 1234 regia
1580 1157 1761 1221 cultu
1790 1179 1809 1222 ε

405 1239 812 1326 Victorique
842 1266 968 1310 suo
999 1254 1226 1329 gratas
1253 1251 1452 1333 plebs
1483 1257 1688 1322 obvia
1716 1277 1919 1324 voces

405 1341 628 1420 Elicit,
660 1352 730 1408 et
763 1367 918 1412 vero
943 1348 1295 1431 dispensat
1321 1354 1572 1433 gaudia
1604 1358 1817 1422 vultu.

404 1443 606 1508 Solus
637 1447 1028 1530 inexplicita
1063 1450 1290 1514 Pelias
1321 1454 1446 1517 sub
1484 1457 1699 1523 fronte
1728 1479 1966 1524 serena
2465 1466 2595 1530 210

403 1543 671 1610 Invidia
697 1553 1027 1630 aegrescit,
1056 1569 1210 1616 sese
1240 1562 1580 1630 causatur,
1610 1559 1675 1622 in
1704 1579 1928 1624 omnes

401 1645 584 1710 Vota
617 1649 807 1714 Deos
838 1660 1195 1717 consumta
1223 1655 1450 1736 gemit,
1485 1656 1903 1744 Martemque
1928 1664 2227 1742 lacessit,

403 1745 539 1824 Qui
568 1750 769 1830 gratis
801 1751 1092 1816 domitos
1124 1755 1356 1819 tulerit
1385 1757 1720 1824 defervere
1748 1769 2023 1826 tauros:

401 1846 725 1913 Eluctata
755 1851 872 1915 diu
900 1852 1152 1935 rapidis
1183 1855 1589 1936 impulsibus
1615 1861 1717 1923 ira

400 1946 480 2012 In
511 1951 783 2013 verbum
806 1953 1126 2034 singultat
1155 1963 1375 2033 atrox,
1406 1967 1821 2043 questusque
1854 1962 2219 2044 superbos:
2458 1965 2590 2029 215

1316 2137 1494 2158 ““““

462 2228 557 2273 214
591 2224 890 2288 singultibus
911 2231 1012 2279 Ms.
1035 2247 1196 2298 marg.

1498 2140 1683 2160 mu

1389 2381 1603 2432 NOTAE

461 2485 550 2530 2⁰1
589 2482 718 2533 Leda
779 2487 1069 2549 Ceraunis]
1124 2490 1338 2541 Castore
1397 2502 1452 2544 et

398 2561 632 2621 Polluce,
654 2563 740 2625 qui
767 2564 988 2612 tonantis
1011 2566 1179 2628 Jovis,
1195 2569 1454 2631 κεραυνίου,

397 2636 478 2684 vel
525 2634 888 2697 κεραυνοβόλου,
936 2639 1036 2700 vel,
1081 2648 1140 2689 ut
1192 2642 1454 2707 Orpheus,

393 2711 736 2775 ἆρχυεεραύνου
751 2712 914 2771 Ζηνὸς,
939 2712 1050 2778 filii,
1076 2717 1214 2766 unde
1235 2728 1288 2767 et
1311 2720 1453 2769 Διόσ·

394 2789 564 2849 κσυρόι.
632 2787 712 2836 An
756 2802 878 2837 vero
921 2790 1108 2839 Castor
1162 2800 1218 2842 et
1261 2796 1452 2845 Pollux

392 2863 530 2910 inter
573 2862 912 2927 Argonautas,
970 2867 1164 2916 Nestor
1217 2869 1340 2919 item
1398 2879 1453 2921 et

394 2937 667 2994 Hercules,
691 2941 894 2989 curiose
914 2950 1166 3007 satagere,
1183 2952 1264 2994 est
1290 2946 1450 2997 otium

393 3011 701 3075 desperare:
738 3016 936 3065 variant
979 3018 1108 3071 mire
1147 3034 1322 3068 omnes
1357 3021 1452 3070 Ar·

393 3093 658 3154 gonautiei
691 3093 985 3157 scriptorem
1055 3096 1262 3145 Videris
1296 3099 1453 3147 Euse-

393 3165 551 3225 bium,
582 3175 636 3215 et
669 3169 878 3216 maximi
916 3170 1162 3231 scaligeri
1206 3171 1451 3221 Animad-

393 3242 667 3297 versiones,
701 3246 784 3292 44.
807 3248 906 3293 ὅτε.
973 3245 1084 3294 Ista
1105 3261 1228 3295 vero
1260 3248 1454 3297 Noster

393 3317 456 3365 ad
502 3318 840 3368 imitationem
881 3320 1056 3369 Ovidii
1101 3322 1313 3383 scripsit
1351 3336 1451 3374 vn.

391 3392 607 3443 Metam.
638 3396 653 3421 ⁸
679 3394 926 3444 AEmoniae
951 3396 1183 3457 matres,'
1201 3400 1299 3446 ἃς.
1326 3397 1450 3446 Pin-

391 3466 542 3515 darus
580 3482 782 3532 quoque
821 3470 938 3520 illos
980 3480 1252 3522 enumerat
1292 3473 1454 3537 Pyth.

393 3556 470 3589 ιν.
543 3543 621 3591 De
661 3546 874 3606 gemmis
905 3560 1029 3595 vero
1066 3548 1344 3598 cerauneis
1380 3550 1452 3599 vi-

392 3616 580 3663 deatur
612 3618 752 3666 Plin.
781 3632 1007 3670 xxxvn.
1029 3627 1078 3671 9.
1142 3623 1347 3672 Tertul.
1385 3624 1450 3673 de

393 3691 572 3739 habitu
600 3693 857 3757 muliebri,
880 3696 1226 3761 Hieronymus
1245 3699 1309 3747 ad
1341 3702 1452 3751 De·

391 3766 719 3817 meltiadem.
753 3768 1006 3821 Prudent.
1055 3774 1233 3835 ψύχομ.
1259 3782 1273 3804 ‘
1295 3775 1449 3826 fulvis

391 3841 594 3892 radiare
613 3843 883 3892 ceraunis!
919 3846 1100 3896 Claud.
1134 3851 1150 3877 ⁴
1175 3849 1271 3899 sub
1291 3852 1450 3901 antris

394 3909 550 3980 Ignes
565 3914 825 3967 fluminea·
841 3920 1011 3981 legere
1029 3920 1284 3973 Ceraunia
1305 3939 1450 3989 nym-

396 3993 548 4057 phaz?

408 4090 414 4095 ·
459 4074 554 4119 202
586 4070 862 4136 Laudatqioe
893 4088 1032 4121 suum
1057 4074 1314 4138 Calydonia
1345 4093 1446 4127 mo·

299 4169 305 4174 -
396 4151 470 4193 ter
493 4146 716 4209 OEnideu,
733 4150 940 4197 nondum
960 4152 1142 4198 tantum
1169 4152 1322 4215 soror]
1359 4153 1446 4203 In-

397 4229 600 4285 terpres
624 4234 734 4271 esto
764 4223 922 4275 Ovid.
945 4237 1072 4273 vm.
1096 4224 1310 4277 Metam.
1337 4226 1444 4290 uy-

1533 2497 1640 2559 giu.
1686 2500 1800 2546 244.
1858 2498 2142 2546 Pausanias
2196 2498 2247 2545 in
2302 2496 2591 2548 Art-adicis.

1532 2569 1709 2633 Apoll.
1737 2586 1775 2620 1.
1793 2577 1875 2620 27.
1898 2577 1979 2621 28.
2042 2572 2325 2620 Pausanias
2367 2572 2589 2622 Althaeoe

1536 2644 1726 2694 fratres
1763 2647 2012 2695 Proteum
2049 2653 2103 2694 et
2138 2647 2408 2705 Cometen,
2430 2646 2589 2696 Ovid.

1532 2722 1760 2770 nominat
1794 2724 2107 2786 Plexippum
2134 2728 2189 2769 et
2219 2722 2464 2772 Toxeum.
2502 2724 2590 2771 Al-

1531 2797 1663 2847 ludit
1708 2812 1829 2847 vero
1874 2797 2138 2845 ovidiana
2188 2790 2307 2856 ista,
2350 2798 2365 2825 ⁸
2392 2796 2592 2859 Incipit

1531 2888 1644 2921 esse
1670 2881 1843 2923 tamen
1868 2874 2051 2921 melior
2068 2886 2309 2933 germana
2334 2872 2589 2933 parente.'

1532 2963 1570 2999 1.
1607 2950 1767 2999 ΤΙ-ἰοί.
1807 2952 1957 3014 Eleg.
1996 2954 2047 2999 6.
2080 2951 2096 2977 ⁴
2123 2949 2299 3013 thue
2334 2964 2591 3000 cremasse

1531 3039 1679 3074 suum
1703 3024 1872 3075 fertur
1903 3026 1998 3075 sub
2021 3026 2200 3088 stipite
2232 3035 2409 3075 natum
2434 3026 2590 3075 Thes·

1532 3100 1651 3163 tias,
1676 3107 1731 3149 et
1752 3100 1936 3150 melior
1954 3108 2120 3149 matre
2145 3099 2303 3149 fuisse
2325 3100 2508 3151 soror?

1596 3180 1693 3225 205
1730 3176 2039 3239 Aurumque
2078 3175 2215 3225 urbes
2248 3177 2424 3240 varia]
2460 3176 2590 3227 Quis

1533 3250 1651 3299 ille?
1684 3266 1747 3299 au
1783 3253 2028 3313 Libycus,
2050 3252 2132 3300 cui
2170 3250 2323 3299 robur
2345 3265 2533 3300 novum
2558 3267 2589 3300 a

1530 3333 1697 3373 matre
1721 3327 1893 3373 terra?
1920 3326 2071 3387 λῆροι.
2140 3325 2369 3387 Orpheo,
2392 3326 2589 3375 Pausa-

1531 3400 1653 3461 uiae,
1678 3398 1971 3463 Apollonio,
1994 3401 2110 3448 Val.
2142 3401 2345 3463 Flacco,
2362 3408 2443 3450 est
2481 3400 2589 3450 An-

1529 3488 1690 3535 eaeus,
1728 3476 1814 3538 qui
1844 3476 2168 3537 ‘guberuator
2204 3484 2321 3537 post
2358 3476 2587 3539 Tiphyn.

1529 3548 1772 3612 Apollod.
1791 3552 1883 3608 τὴν
1911 3550 2025 3598 ναῦν
2042 3550 2261 3608 Ἀγκαῖος
2297 3550 2587 3611 &exaund-

1527 3640 1607 3673 ται
1625 3626 1870 3689 κυβερνᾷν.
1895 3639 1932 3674 1.

1594 3704 1691 3750 206
1724 3702 1793 3751 At
1818 3697 2210 3763 Peloponnesum]
2242 3698 2453 3747 Lucret.
2485 3702 2500 3728 ⁸
2520 3700 2585 3751 In

1528 3775 1915 3838 Peloponneso,
1948 3790 2073 3840 quas
2112 3776 2283 3823 exitus
2314 3772 2446 3821 biee’
2479 3776 2586 3822 ani-

1529 3850 1764 3907 mai,’&c.
1789 3852 1907 3900 Fuit
1920 3862 2089 3900 autem
2110 3851 2247 3913 prius
2259 3848 2486 3911 AEgialea
2498 3864 2585 3898 vo-

1530 3934 1669 3977 cata.
1713 3927 1867 3976 Ovld.
1889 3934 1945 3976 et
1969 3927 2143 3989 Apoll.
2177 3931 2257 3973 55.
2299 3924 2585 3975 Iolchiacos

1529 4011 1707 4065 portus
1723 4004 2007 4051 nominant.
2030 4002 2309 4050 Pausanias
2323 4002 2371 4048 in
2386 4000 2583 4049 Boeoti-
2685 4008 2709 4025 ‘

1527 4078 1600 4127 cis
1623 4079 1712 4141 ait,
1734 4080 2063 4142 Tipliaeeuses
2086 4084 2370 4125 monstrare
2394 4078 2583 4136 locum,

1527 4153 1593 4201 ad
1618 4170 1767 4218 quem
1788 4155 1927 4218 Argo
1952 4166 2153 4203 reversa
2176 4152 2453 4216 appulerit,
2468 4156 2582 4201 8⁰6·
