3173 4957
939 380 1028 427 nn
1078 380 1320 429 nunno
1370 380 1715 429 'rnosANo
1767 385 1911 433 mn.
1961 386 2038 432 11.
2147 414 2153 421 -
2250 391 2255 397 ·
2468 375 2599 439 413

421 521 750 603 Agnoscit
771 541 952 587 nova
977 528 1186 607 nupta
1213 525 1450 600 virum,
1483 525 2011 609 pudibundaque
2042 528 2296 593 vultum

425 624 698 694 Flectit,
727 628 798 687 et
821 631 1116 688 orantem
1149 625 1422 689 miratur
1453 626 1701 689 talibus
1729 628 1959 691 illum:
2473 630 2602 695 160

506 724 773 808 Inclyta
800 726 1185 807 sceptrigeri
1208 726 1430 807 proles
1458 726 1504 789 J
1508 728 1681 803 ovis,
1711 734 1778 791 et
1809 728 2027 793 minus
2055 750 2187 794 uno

423 826 506 889 In
538 832 769 889 natum
797 826 1114 909 perducte
1145 825 1376 907 gradu,
1407 827 1765 893 reverende
1797 828 2109 913 Pelasgis

422 926 466 991 J
472 928 720 1005 ustitia,
746 928 1055 1009 belloque
1081 934 1346 1009 potenS,
1377 928 1496 992 tibi
1521 930 1861 1011 supplicat
1890 934 2106 995 omnis

426 1030 596 1093 (him
617 1031 789 1093 duce
817 1029 1026 1112 Troja
1053 1048 1202 1104 sue,
1234 1030 1591 1095 Telamon:
1636 1032 2037 1098 miserescite
2068 1036 2280 1113 civeS,

423 1132 663 1215 Tuque
692 1132 874 1213 prior
901 1155 915 1194 ε
961 1151 1094 1195 non
1121 1138 1230 1196 tot
1251 1138 1560 1215 terraque
1581 1136 1870 1218 marique
1892 1136 2158 1201 labores
2478 1138 2608 1203 165

427 1234 508 1297 In
539 1254 808 1297 cassum
834 1234 1118 1297 fluxisse
1145 1234 1353 1297 sinas.
1419 1232 1595 1297 Post
1624 1254 1867 1317 aspera
1888 1238 2100 1301 multa

427 1336 590 1398 Huc
618 1334 884 1398 tandem
911 1334 1044 1399 huc
1076 1335 1265 1399 veni:
1311 1353 1510 1398 cerno
1541 1354 1743 1417 quam
1774 1357 2070 1419 quaerere
2090 1338 2357 1422 jussus-

429 1436 816 1500 Hesionen:
864 1456 1094 1501 cerno:
1133 1456 1264 1499 non
1291 1436 1436 1501 haec
1459 1439 1857 1502 commercia
1886 1446 2065 1503 certe

426 1537 610 1601 Juno
631 1538 908 1620 probat:
951 1538 1201 1601 victure
1231 1557 1356 1602 suo
1381 1538 1659 1619 captiva
1687 1539 1985 1605 fruetur?

429 1638 632 1701 Flens
657 1638 896 1702 hilari?
940 1638 1277 1703 famulans
1307 1638 1575 1703 domino
1598 1640 1629 1703 ‘l
1676 1641 1783 1704 vel
1812 1642 2092 1707 barbara
2122 1642 2421 1708 Graeco‘l
2482 1644 2611 1709 170

427 1738 672 1802 Redde
702 1741 949 1821 magist
998 1746 1096 1804 tot
1127 1748 1352 1805 vestra
1378 1734 1579 1804 nur‘fis
1607 1742 1881 1825 Europa
1908 1746 2259 1826 superbaS,

428 1840 566 1903 Tot
595 1841 885 1905 celebres
914 1841 1122 1905 habet·
1140 1842 1255 1905 illa
1283 1841 1504 1905 faces:
1551 1843 1935 1907 melioribus
1972 1852 2182 1909 ortam

431 1936 678 2019 Quaere
709 1942 909 2005 aliam
939 1942 1092 2005 fatis
1118 1962 1135 2006 ε
1178 1942 1326 2005 haec
1351 1942 1540 2006 edita
1561 1943 1781 2006 sidere
1813 1944 1957 2008 diro

429 2042 512 2105 In
536 2051 766 2125 raptus
792 2044 1110 2107 damnata
1135 2042 1284 2119 fuit,
1306 2041 1661 2126 facilisque
1688 2045 1794 2109 vel
1816 2046 1997 2109 omni

431 2143 674 2209 Praeda
705 2146 909 2220 venit,
939 2164 1330 2227 semperque
1359 2146 1499 2208 suis
1527 2146 1848 2226 rapienda
1876 2147 2179 2211 minatur.
2482 2147 2615 2213 175

433 2244 734 2315 Noverat
759 2244 1111 2327 Argolicas
1141 2245 1444 2320 Alcides,
1469 2255 1751 2310 noverat
1774 2247 1949 2311 alter
2570 2240 2574 2243 ’

431 2346 606 2409 Cum
634 2346 914 2411 Polluce
941 2366 1146 2424 error,
1177 2348 1368 2410 novit
1397 2367 1546 2411 cum
1570 2348 1864 2411 Nestore
1889 2348 2162 2427 Peleus,

323 2521 332 2536 .
433 2447 600 2511 Cum
629 2444 804 2512 levis
827 2448 1119 2513 ascensu
1141 2447 1325 2512 facili
1355 2442 1474 2512 tibi
1505 2449 1735 2531 praeda
1765 2449 2030 2514 daretur

435 2549 758 2625 Hesione,
780 2569 1024 2632 meque
1048 2549 1222 2613 haud
1244 2549 1412 2612 fines
1441 2550 1757 2613 trusisset
1784 2551 1853 2613 in
1883 2552 2057 2614 istos

432 2645 682 2714 Infelix
710 2650 1048 2728 Priamu5,
1079 2651 1138 2714 si
1170 2651 1324 2733 quis
1355 2650 1438 2714 de
1470 2657 1665 2731 gente
1694 2659 2035 2735 superstes
2488 2653 2619 2717 180

436 2751 740 2834 Cognata
767 2753 999 2836 patriae
1028 2759 1336 2835 pensaret
1362 2751 1605 2815 damna
1630 2751 1879 2817 ruinae:

435 2853 639 2917 Hanc
671 2855 814 2929 tibi,
835 2874 974 2917 non
1003 2853 1302 2936 SuperiS‚
1327 2854 1621 2916 animam
1653 2852 1897 2928 debere
1923 2854 2187 2933 fatetur,

436 2952 656 3030 Quam
688 2955 818 3020 sibi
849 2961 1176 3045 servatam
1201 2954 1483 3037 gaudet:
1507 2956 1641 3018 sibi
1663 2956 1693 3017 ’ἓ
1738 2955 1857 3019 sed
1878 2955 2253 3034 Telamoni,

1347 3103 1412 3122 00
1415 3103 1679 3124 'mu‘
1682 3104 1712 3122 θ

504 3170 596 3216 183
632 3168 694 3223 Q.
718 3182 759 3217 s.
781 3181 823 3217 ε.
846 3183 938 3216 non
957 3183 1011 3230 g.
1031 3171 1115 3218 sed
1139 3171 1194 3218 T.
1222 3169 1358 3218 Mor.

1417 3243 1638 3296 NOTAE

503 3327 595 3373 161
631 3326 798 3376 Minus
829 3341 921 3376 uno
968 3327 1028 3376 ln
1065 3333 1228 3377 natum
1267 3329 1488 3392 perducta
1565 3324 1715 3373 6⁰65
1742 3324 2015 3388 Agnorunt
2034 3327 2424 3376 miserisnblato
2448 3317 2621 3378 errore

432 3400 612 3462 gradu]
644 3401 798 3451 Silius
823 3415 949 3453 vnr.
979 3405 994 3431 ‘
1013 3403 1116 3452 Sed
1135 3417 1296 3466 genus
1315 3403 1488 3452 admo·
1567 3401 1855 3463 parentes?-
1899 3402 2059 3449 Plura
2080 3403 2241 3450 habes
2265 3403 2403 3466 apud
2429 3404 2623 3465 Caspe-‘-

381 3543 384 3547 ²
439 3485 546 3526 tum
571 3479 802 3541 Superis,
840 3493 1194 3545 summumque
1231 3493 1326 3542 per
1355 3481 1487 3528 altos
1569 3476 1701 3524 rium
1724 3476 2027 3525 Gevartinm
2052 3477 2104 3525 in
2126 3477 2269 3539 Sylv.
2296 3477 2481 3540 Papin.
2508 3489 2547 3525 ι.
2572 3483 2621 3526 2.

441 3551 748 3614 Attingebat
771 3567 891 3602 avos
919 3554 1136 3603 coelnm.’
1202 3555 1394 3618 Papin.
1424 3567 1489 3605 11.
1569 3555 1683 3601 120.
1716 3552 1821 3604 Qui
1843 3551 2054 3600 alterius
2076 3565 2199 3600 vero
2218 3549 2407 3600 faciem
2430 3553 2625 3600 exscri-

434 3625 598 3673 Theb.
641 3627 656 3652 ‘
677 3641 944 3688 procerum
986 3643 1166 3678 manus
1209 3629 1392 3691 omnis,
1433 3637 1488 3678 et
1571 3627 1670 3690 bit,
1706 3629 1850 3677 illum
1898 3625 2063 3690 poetae
2106 3625 2299 3675 mentiri
2330 3625 2529 3684 dicunt,
2566 3633 2626 3674 ut

437 3702 545 3748 alto
570 3701 699 3752 Quis
723 3703 932 3764 propior
953 3705 1019 3752 de
1043 3719 1161 3766 rege
1182 3703 1404 3767 gradus!
1571 3702 1725 3752 Silius
1746 3715 1808 3750 11.
1824 3703 1839 3730 ‘
1858 3698 2073 3750 fratrem
2091 3701 2305 3749 mentite
2322 3701 2573 3760 Lycorma
2594 3699 2627 3748 :'

507 3779 602 3826 176
620 3777 830 3826 Noverat
849 3779 972 3826 alter
994 3780 1112 3828 Cum
1129 3781 1324 3830 Polluce
1337 3779 1492 3842 error]
1571 3779 1637 3827 ad
1658 3791 1774 3842 quae
1794 3779 1945 3840 plura·
1966 3775 2227 3825 Heinsius.
2267 3773 2284 3802 ‘
2303 3773 2515 3822 Mentiri
2536 3773 2629 3821 mi·

437 3851 502 3901 Id
527 3862 610 3901 est
641 3853 851 3915 Castor,
883 3855 1164 3915 μετωνυμία,
1190 3864 1406 3920 propter
1425 3857 1490 3904 δι·
1573 3854 1693 3903 nas’
1732 3852 1871 3902 idem
1904 3853 2079 3916 Silius,
2104 3867 2198 3914 pro
2218 3850 2625 3899 simulare-:tura

440 3927 608 3991 δόμων,
640 3943 742 3991 qua
766 3926 972 3991 faciem,
994 3943 1092 3993 qna
1113 3943 1298 3986 mores,
1319 3930 1493 3980 simili-'-
1572 3929 1907 3990 Prudentius,
1944 3928 2365 3991 Peristephanon·
2406 3937 2469 3974 Χ.
2510 3929 2626 3973 290.

441 4003 696 4054 tudinem.
763 4003 910 4066 Virg.
953 4016 1009 4052 x.
1052 4010 1067 4031 ‘
1084 4004 1342 4052 simillima
1375 4019 1494 4068 pro·
1573 4012 1586 4034 ⁸
1604 4005 1763 4068 L'apis
1784 4018 1967 4052 severa
1984 4002 2154 4050 fronte
2170 3998 2628 4049 mentitur-minas!

440 4081 518 4127 les
540 4079 834 4130 Indiscreta
859 4080 984 4142 suis,
1007 4086 1290 4142 gratusque
1313 4095 1496 4143 paren·
1569 4080 1659 4128 Ita
1678 4080 1896 4129 Tertull.
1934 4091 1973 4128 1.
2018 4080 2104 4127 De
2124 4077 2265 4126 cultu
2282 4074 2627 4130 foeminarum,

441 4153 581 4202 tibus
603 4153 782 4204 οιτον]
843 4155 998 4203 Silius
1023 4167 1099 4203 ιν.
1127 4153 1191 4202 de
1217 4152 1402 4204 eadem·
1420 4171 1496 4218 re,
1566 4155 1583 4184 ‘
1606 4169 1832 4205 sororem
1856 4153 2099 4204 mentitus
2124 4153 2337 4203 Saram.’
2578 4169 2581 4174 ·

443 4227 459 4252 ‘
478 4228 632 4277 elusit
654 4228 834 4279 dubios
857 4243 1004 4291 error
1016 4228 1049 4291 ς’
1079 4235 1135 4280 et
1147 4229 1385 4282 Lucanus
1403 4243 1492 4282 ιιι.
1980 4247 1984 4252 ·
