3173 4957
600 390 732 455 376

1380 401 1691 450 Josm’m
1744 402 1999 451 iscam
2068 458 2071 463 ,

601 546 811 613 Nulla
840 546 1026 629 prius
1060 552 1404 609 consumta
1435 546 1643 611 refer:
1688 547 1858 611 ferat
1886 548 2037 629 ipse
2066 553 2413 611 cruentum

604 648 811 729 Quod
842 648 1105 731 peperit
1133 647 1366 723 satum,
1397 648 1742 730 primaque
1774 637 2114 730 superbiat
2149 651 2272 713 ira.

597 750 772 814 Fata
801 750 1099 826 obstant,
1127 748 1468 813 hominum
1497 748 1855 830 praedatrix
1887 748 2184 832 Atropos
2214 756 2417 814 arcet.

601 852 774 917 Plus
803 851 1067 935 Superi,
1098 870 1298 934 quam
1328 849 1470 913 sata
1500 856 1789 932 queunt:
1821 851 2007 915 trabs
2034 850 2358 915 Thessala
2391 848 2610 917 Divos
2702 852 2791 917 95

599 954 1001 1029 PraesenteS,
1033 970 1209 1036 quos
1239 950 1418 1027 fecit,
1447 952 1688 1015 babet:

1706 954 1711 961 '
1738 956 2109 1017 contemtus
2140 953 2207 1015 in
2234 952 2446 1017 antris

601 1055 1061 1140 HippotadeS,
1090 1055 1162 1117 in
1191 1054 1385 1136 aquis
1413 1052 1673 1129 Triton,
1706 1054 1775 1116 in
1805 1073 2065 1118 carcere
2092 1053 2331 1128 CoruS,

601 1158 760 1223 Hac
789 1166 932 1222 rate
964 1163 1294 1239 praerepta
1325 1175 1625 1219 summos
1648 1155 1981 1220 senuisset
2008 1156 2075 1219 iu
2108 1175 2338 1220 anuos.

603 1259 880 1343 Quippe
911 1258 1130 1322 Deum
1161 1257 1460 1339 genitore
1487 1263 1692 1333 metu,
1722 1276 1909 1321 mens
1940 1276 2121 1321 caeca
2151 1259 2405 1322 creavit

601 1361 829 1425 Ditem
857 1359 1131 1430 umbris,
1160 1356 1340 1423 coelo
1373 1354 1692 1439 Superos,
1716 1369 1783 1422 et
1812 1360 2079 1423 numina
2105 1364 2337 1441 ponto.

2656 1360 2787 1426 100

685 1461 833 1525 Vix
862 1461 1081 1544 pelagi
1113 1478 1372 1523 sensere
1403 1460 1641 1536 minas,
1664 1460 1962 1543 jamque,
1987 1461 2207 1537 AEole,
2228 1461 2544 1539 clamant,

602 1563 821 1637 AEole,
850 1568 1052 1645 tuque
1083 1561 1246 1625 dato
1276 1561 1530 1624 mulces
1560 1563 1675 1644 qui
1706 1562 1957 1625 coerula
1982 1567 2272 1643 sceptro,

601 1664 947 1728 Undarum
983 1662 1300 1745 Neptune
1329 1667 1585 1745 potenS,
1616 1662 1774 1727 date
1806 1681 2047 1726 numen
2076 1663 2281 1726 ituris.

601 1766 678 1831 Si
710 1764 1006 1842 reduces,
1036 1764 1290 1828 meritis
1320 1784 1562 1828 nomen
1592 1763 1960 1828 sacrabitur
1986 1763 2142 1827 ariS.

1519 1960 1544 1978 O
1551 1959 1609 1977 θ’
1616 1960 1639 1978 Ι
1646 1958 1883 1979 θθθθθθθθ

663 2064 727 2109 92
765 2059 1000 2107 eccidisse
1017 2056 1128 2119 Me.
1154 2072 1314 2121 marg.
1366 2056 1500 2105 vide
1524 2065 1632 2107 not.

1593 2230 1814 2280 NOTAE

605 2390 615 2395 -
663 2354 728 2399 92
765 2349 914 2396 Nulla
949 2346 1086 2408 prius
1116 2349 1355 2393 consumta
1392 2343 1542 2407 refer]
1588 2344 1649 2393 In

601 2444 694 2480 ora
730 2427 868 2490 libri,
907 2424 1142 2474 cecidisse.
1201 2424 1438 2490 Utroque
1459 2423 1651 2488 signifi·

601 2505 709 2555 cari
746 2510 902 2566 puto:
959 2499 1356 2564 symplegadum
1398 2501 1527 2562 ictu,
1569 2502 1653 2550 vel

600 2594 870 2636 concursu,
893 2576 1108 2641 primam
1121 2590 1301 2625 navem
1317 2575 1504 2626 factam
1521 2591 1654 2638 esse,

601 2671 748 2721 aveque
782 2656 963 2704 mirum
1001 2667 1287 2716 novumque
1325 2649 1454 2714 fore,
1494 2667 1556 2700 ac
1590 2652 1651 2700 is-

599 2742 706 2782 tem
729 2745 910 2781 navem
934 2731 1149 2792 primam
1171 2726 1347 2776 fuisse.

663 2814 726 2858 95
765 2809 882 2856 Plus
913 2805 1106 2867 Superi,
1148 2816 1286 2864 quam
1315 2802 1429 2859 sata
1455 2799 1653 2862 queunt]

509 2869 515 2874 ’
599 2898 663 2932 ιι.
686 2886 799 2930 575.
852 2888 866 2909 ⁴
892 2879 1033 2927 Fatis
1073 2876 1210 2924 nulla
1243 2874 1405 2934 fides,'
1440 2875 1537 2923 alio
1572 2891 1651 2924 re-

600 2964 803 3020 spectu,
821 2962 876 3003 et
895 2955 992 3002 alie
1007 2954 1197 3014 lingna.
1231 2952 1466 3000 Sumtum
1483 2965 1607 3000 vero
1621 2966 1653 3000 a

598 3031 959 3095 Papin.‘1'heb.
977 3043 1015 3078 1.
1028 3029 1107 3077 ‘et
1121 3041 1298 3076 vocem
1314 3025 1424 3077 fata
1435 3041 1653 3090 sequun-

600 3108 723 3159 tur?
759 3108 932 3156 Μοῦνοι
953 3104 1004 3154 δὲ
1025 3105 1120 3154 θεοὶ
1137 3103 1219 3161 ῥέα
1238 3103 1396 3153 πάντα
1417 3102 1652 3154 δύνανται.

602 3184 833 3247 Oppian.
897 3183 1148 3245 Cyneget.
1179 3194 1257 3230 ιν.
1283 3182 1455 3229 Mearm
1476 3179 1527 3230 δὲ
1555 3181 1653 3230 θεοὶ

599 3257 682 3322 ῥέα
718 3256 854 3307 πάνθ’
876 3257 1081 3321 ὁρόωσιν.
1129 3255 1475 3320 Augustinus:
1513 3261 1529 3286 4
1554 3259 1652 3307 Fa-

599 3343 708 3386 tum
727 3342 807 3384 est
825 3349 923 3382 vox
945 3333 1130 3382 divinae
1146 3333 1362 3382 mentis:
1399 3334 1536 3383 nullo
1553 3335 1653 3384 ita-

599 3427 700 3476 que
723 3424 992 3460 causarum
1013 3408 1192 3460 ordine
1212 3409 1266 3458 in
1287 3409 1516 3460 ordinem
1538 3410 1653 3459 red·

595 3487 614 3535 i
658 3486 798 3536 itur.’

599 3502 653 3616 .g
666 3568 731 3612 96
763 3563 1050 3623 Proesenlee,
1079 3574 1192 3624 quos
1201 3559 1344 3620 feeit,
1366 3559 1526 3621 habet]
1561 3558 1650 3608 Μί-

598 3655 739 3700 μησιε
782 3637 1084 3701 virgiliana.
1139 3636 1557 3698 Repraeseutare,
1600 3634 1654 3685 id

598 3723 699 3773 est,
724 3714 833 3770 sine
868 3727 1010 3761 mora
1035 3712 1262 3772 exigere.
1295 3710 1440 3759 Suet.
1473 3711 1653 3761 Claud.

598 3793 680 3840 34.
703 3788 791 3837 ubi
812 3787 930 3836 vide
952 3784 1172 3836 Casaub.
1673 3849 1677 3854 ψ

666 3863 940 3912 contemtus
959 3862 1010 3910 in
1029 3861 1182 3909 antris
1205 3859 1519 3924 Hippotades,
1539 3862 1649 3926 ξω]

597 3936 688 3987 Ita
722 3936 904 3985 festive
939 3936 1126 3985 Vitalis
1170 3935 1434 3984 Blesensis
1471 3937 1522 3985 in
1557 3952 1651 3986 sua

600 4010 894 4061 Aulularia:
931 4012 947 4038 4
965 4011 1009 4060 si
1026 4010 1232 4074 sapient
1249 4010 1497 4072 homiues,
1510 4026 1650 4062 meu·

600 4086 739 4136 dicet
754 4084 905 4134 turba
922 4084 1184 4147 Deorum,'
1206 4087 1304 4134 &c.

662 4165 728 4210 98
763 4160 875 4210 Hac
915 4166 1022 4210 rute
1056 4165 1292 4224 prerepto
1333 4175 1535 4210 summos
1575 4177 1649 4211 se-

600 4239 776 4290 nuisset
797 4237 848 4288 in
868 4238 1035 4302 anm]
1069 4239 1256 4304 Papin.
1291 4238 1435 4302 Sylv.
1473 4250 1560 4287 111.
1595 4239 1651 4289 iu

1731 2344 2013 2408 Propemp.
2033 2344 2185 2394 Metii
2208 2344 2403 2395 Celeris
2420 2361 2434 2393 z
2454 2347 2471 2374 4
2492 2344 2627 2395 Ante
2652 2352 2787 2397 rates

1734 2421 1884 2477 solito
1904 2421 2178 2486 torpebant
2204 2436 2414 2487 aequora
2436 2420 2647 2483 somu0,’
2670 2426 2769 2471 ὅτε.

1796 2503 1861 2548 99
1888 2499 2072 2562 Quippe
2090 2499 2245 2549 Deum
2262 2499 2479 2560 genitore
2498 2499 2651 2562 metu]
2665 2499 2789 2548 Θεοῦ

1733 2572 1886 2635 ἐτίμα.
1962 2575 2130 2624 Multa
2164 2575 2321 2624 babes
2355 2575 2490 2637 apud
2524 2575 2789 2638 Etymolo·

1734 2651 1833 2714 gici
1862 2659 2151 2700 auctorem:
2190 2650 2309 2700 vide
2331 2650 2540 2698 Festum
2566 2649 2616 2697 in
2633 2650 2785 2699 Deus.

1732 2725 1887 2774 Plato
1931 2741 1961 2773 a
2001 2724 2105 2774 θέω.
2172 2725 2335 2774 Clem.
2370 2723 2524 2775 Alex.
2560 2723 2691 2773 θεοὺς
2734 2725 2788 2772 ἐκ

1729 2801 1817 2848 τοῦ
1879 2799 1999 2848 θέειν
2041 2797 2358 2858 ὀνομάσαντες
2400 2797 2514 2848 τοὺς
2559 2797 2776 2860 ἀστέρας.

1732 2875 1867 2929 Vide
1901 2886 1956 2924 et
1988 2876 2238 2925 Νικίου.
2274 2875 2426 2923 Orat.
2469 2877 2551 2922 86.
2575 2887 2629 2936 p.
2662 2879 2780 2924 689.

1732 2953 2055 3003 Phornutus:
2092 2951 2212 3002 Δέος
2241 2951 2334 3000 ἀπὸ
2364 2952 2453 3008 τῆς
2495 2948 2685 3013 θέσεως,
2729 2967 2779 3015 q.

1731 3031 1939 3092 θεν-ἤρας.
1996 3029 2291 3091 Petronius,
2314 3030 2330 3058 ‘
2355 3028 2561 3078 Primus
2583 3029 2633 3077 in
2656 3028 2783 3078 orbe

1732 3108 1871 3156 Deos
1894 3105 2021 3156 fecit
2044 3106 2193 3155 timor
2211 3105 2240 3154 ι’
2277 3119 2393 3171 quae
2430 3105 2647 3155 totidem
2672 3120 2785 3154 ver·

1731 3180 1811 3231 bis
1848 3182 1985 3246 apud
2028 3182 2213 3244 Papin.
2245 3194 2331 3229 ιιι.
2362 3180 2614 3232 Thebaid.
2682 3182 2786 3232 Pe·

1731 3259 1898 3308 tronio
1934 3259 2111 3308 tribuit
2147 3257 2386 3321 Fulgeut.
2422 3257 2695 3306 Placiades
2740 3271 2779 3306 ι.

1729 3334 1953 3396 Mytbol.
1986 3348 2037 3395 p.
2073 3335 2183 3380 129.
2247 3333 2487 3382 Juvenal.
2510 3334 2617 3382 Sat.
2654 3345 2784 3382 xut.

1731 3407 1748 3435 ‘
1772 3409 1869 3458 Est
1890 3407 2018 3456 alius
2051 3416 2283 3456 metuens
2318 3422 2382 3456 ne
2416 3409 2609 3458 crimen
2633 3421 2784 3470 poena

1728 3491 1973 3546 sequatur
2000 3499 2011 3529 t
2064 3482 2168 3531 Hic
2227 3491 2379 3545 putat
2434 3497 2546 3532 esse
2602 3482 2785 3532 Deos!

1730 3559 1895 3610 Clem.
1908 3558 2063 3608 Alex.
2086 3572 2145 3608 n.
2170 3561 2283 3611 2⁷6.
2304 3558 2408 3608 δέος
2439 3557 2492 3608 δέ
2511 3559 2615 3607 ἐστι
2635 3557 2783 3622 φόβος

1732 3634 1870 3686 θείου.

1797 3715 1889 3760 103
1932 3711 2174 3762 Undarum
2198 3710 2419 3772 Neptune
2439 3712 2630 3775 potent]
2662 3711 2782 3760 Fre-

1734 3792 1952 3849 quenter
1996 3785 2067 3833 ita
2111 3783 2301 3846 poetae.
2371 3788 2386 3812 4
2419 3786 2554 3834 Diva
2597 3792 2782 3846 potens

1730 3859 2033 3922 nemorum,’
2071 3859 2257 3923 Papiu.
2300 3862 2316 3888 4
2339 3860 2649 3909 Umbrarum
2689 3874 2781 3923 po-

1731 3937 1881 3995 tens,'
1927 3936 2106 3986 Claud.
2156 3938 2172 3964 4
2196 3934 2453 3984 Tuber-um
2499 3948 2780 3984 armorum·

1728 4027 1829 4076 que
1856 4010 2074 4075 potens,'
2099 4011 2215 4058 Val.
2235 4010 2377 4058 Flac.
2410 4012 2426 4035 4
2451 4009 2661 4057 Pietate
2688 4024 2778 4072 po-

1728 4087 1881 4148 tens,'
1937 4088 2108 4137 Plant.
2142 4087 2158 4113 4
2186 4085 2321 4132 Dive
2348 4082 2782 4148 tridentipoteus,’

1716 4162 1900 4228 ‚Silium
1936 4164 1953 4192 ‘
1974 4161 2111 4212 Diva
2134 4166 2314 4225 potens
2333 4157 2529 4222 Cypri,’
2561 4159 2749 4209 Horat.
