3173 4957
942 402 1037 450 nn
1083 401 1320 450 annno
1365 399 1707 450 'monuo
1755 401 1901 451 ma.
1945 403 2051 452 vi.
2431 389 2561 456 639

376 545 635 622 Sentit,
660 550 728 608 et
753 543 1067 608 adversos
1095 545 1366 608 incusat
1395 543 1698 608 Palladis
1725 549 1909 608 astus

373 645 696 710 Troilus:
741 649 810 707 at
827 642 1062 725 jaculo
1093 645 1319 708 melior
1344 644 1614 708 fortuna
1640 643 1976 708 secundo:
2430 645 2561 708 310

375 745 619 810 Laedit
644 747 815 808 enim
846 745 1140 826 libatque
1159 745 1488 821 humeros,
1519 751 1586 808 et
1615 753 1827 808 morte
1854 745 2077 827 petita

377 848 653 911 Invenit
680 846 1028 927 indignans
1058 845 1294 909 vulnus
1325 846 1474 909 sine
1504 846 1737 909 funere
1767 845 2027 927 cuspis.

467 949 708 1011 Tertia
735 945 1054 1028 majorem
1079 964 1314 1009 cornus
1346 951 1580 1028 potura
1612 963 1932 1021 cruorem,

377 1045 628 1130 Rapta
655 1065 852 1110 mann
879 1066 897 1110 t
939 1047 1124 1110 venit
1149 1065 1305 1110 ecce
1331 1047 1541 1124 abieS,
1573 1051 1639 1110 et
1666 1046 1949 1111 stridula
1978 1053 2191 1112 certos

377 1147 677 1211 Molitur
691 1148 950 1230 jactus:
997 1148 1216 1210 celsos
1245 1165 1586 1229 praesagus
1614 1147 1679 1210 in
1702 1165 1922 1210 armos
2428 1146 2559 1210 315

375 1248 674 1330 Erigitur
701 1249 1008 1330 sonipes:
1053 1248 1350 1318 dubium,
1373 1247 1729 1312 defendere
1756 1253 1985 1325 tentet,

379 1347 497 1411 An
528 1349 780 1423 timeat,
809 1347 1182 1430 gaudetque
1210 1353 1433 1412 tamen
1463 1348 1805 1430 perculsus
1832 1349 2105 1414 herilem

338 1471 348 1480 ·
377 1445 781 1531 Anticipare
808 1469 1074 1513 necem:
1117 1450 1299 1513 flexo
1329 1457 1488 1513 tunc
1517 1449 1778 1533 poplite
1798 1449 2022 1514 fusum

377 1547 655 1613 Invitus
684 1550 1028 1632 proculcat
1058 1551 1312 1626 herum,
1335 1551 1683 1633 fatumque
1704 1551 1958 1614 ruentis

379 1649 545 1714 Heu
567 1651 798 1739 juvat:
839 1652 952 1715 ille
982 1651 1246 1733 quidem
1275 1651 1474 1731 nolit,
1504 1653 1625 1716 sed
1652 1652 1809 1716 dum
1841 1653 2061 1734 gravis
2090 1657 2301 1734 urget,
2426 1649 2557 1714 320

379 1747 706 1834 Occupat
733 1753 1082 1828 AEacideS,
1113 1759 1180 1816 et
1198 1753 1342 1835 jam
1377 1754 1717 1834 surgentia
1741 1753 1913 1816 ferro

377 1849 581 1914 Colla
607 1853 794 1915 metit
822 1873 838 1916 t
882 1850 1206 1934 longeque
1233 1852 1394 1915 licet
1417 1851 1763 1916 decurrere
1791 1852 1984 1934 jussa

377 1951 590 2016 Caesa
618 1954 744 2016 viri
767 1954 1018 2027 cervix,
1049 1961 1325 2017 truncus
1354 1957 1595 2028 manet,
1620 1954 1903 2036 ipsaque
1931 1951 2218 2016 nondum

376 2049 753 2115 Exarmata
776 2071 1014 2116 manus
1041 2053 1291 2116 bellum
1317 2053 1572 2117 factura
1596 2058 1917 2116 movetur.

381 2151 582 2230 Quos
609 2171 828 2242 casus,
852 2173 1011 2236 quae
1037 2154 1182 2218 fata
1210 2157 1489 2237 querar?
1536 2173 1735 2237 quoa,
1764 2154 2015 2231 Troile,
2036 2155 2255 2220 Divos
2276 2157 2307 2216 ‘l
2428 2153 2561 2218 325

376 2251 628 2328 Troile,
661 2270 739 2314 cu
737 2252 855 2333 jus
883 2273 1080 2335 opem
1111 2256 1314 2333 gemit
1341 2255 1510 2316 Ilios
1529 2257 1705 2316 odia
1732 2256 2085 2334 sepultam,

375 2349 635 2443 Troile,
663 2352 773 2415 cui
802 2353 1058 2414 meritae
1085 2351 1348 2432 spirant
1374 2351 1719 2432 praeconia
1740 2349 1964 2429 famae,

377 2450 633 2528 Troile,
663 2469 857 2533 quem
887 2450 1104 2513 solum
1131 2449 1444 2530 dignatur
1468 2450 1783 2515 laudibus
1810 2449 2051 2533 ArgoS,

379 2551 618 2615 Macte
637 2550 868 2633 jaces!
913 2550 1166 2631 quique
1195 2557 1348 2612 aute
1379 2550 1631 2633 Phrygi
1654 2568 1815 2630 spes
1834 2553 2104 2633 publica
2132 2554 2316 2629 vitae,

375 2650 530 2713 Vix
556 2670 760 2713 unum
789 2650 1088 2713 obsessae
1119 2656 1396 2713 tutorem
1419 2649 1784 2713 Memnona
1812 2652 2047 2715 mortis
2428 2652 2559 2717 330

379 2754 648 2817 Stratus
677 2750 926 2815 habes:
969 2750 1168 2814 funus
1196 2750 1487 2815 lacerum
1518 2749 1809 2832 spoliare
1838 2752 2116 2832 parabat

382 2850 727 2928 AEacideS,
760 2850 1066 2932 prohibet
1098 2849 1442 2928 Memnon,
1474 2851 1877 2933 miseraeque
1907 2854 2172 2933 parenti

381 2952 696 3033 Pignoris
727 2951 971 3032 egregii
1000 2950 1324 3033 lugendos
1354 2950 1644 3015 destinat
1673 2958 1892 3015 artus:

382 3052 542 3135 Ipse
573 3051 724 3114 a'liis
753 3051 1101 3133 lacrymas,
1127 3051 1260 3114 sibi
1289 3050 1491 3129 bella,
1519 3052 1803 3135 aliisque
1834 3055 2159 3119 tumultus

385 3152 791 3226 Foemine0s‚
822 3152 952 3214 sibi
978 3151 1119 3214 tela
1147 3155 1387 3226 movet,
1403 3159 1733 3234 raptaque
1762 3156 2127 3234 superbum
2426 3155 2556 3222 335

385 3252 683 3337 Cuspide
711 3253 1028 3315 victorem
1057 3249 1306 3315 vindex
1331 3252 1605 3332 premit:
1651 3252 1924 3333 inguina
1952 3254 2109 3331 telo,

384 3352 670 3416 Pectora
699 3352 940 3417 libarat
969 3350 1230 3432 gladi03
1277 3350 1583 3433 respexit
1612 3348 1945 3428 Achilles,

384 3451 611 3537 Atque
631 3452 1008 3533 indignatus
1037 3452 1386 3516 furialibus
1415 3451 1674 3515 intonat
1704 3451 1917 3515 orsis:

383 3552 476 3617 Et
501 3554 737 3619 tefata
764 3559 1045 3618 vocant:
1091 3554 1324 3638 Stygia
1351 3553 1536 3636 prior
1553 3555 1801 3637 hospes
1830 3554 1911 3616 in·
1931 3554 2086 3619 alno

1353 3786 1571 3853 »ποτε

447 3904 545 3949 826
605 3898 780 3961 Troik,
812 3897 942 3959 cuiun
987 3899 1139 3960 opem]
1191 3898 1428 3949 Διπλῶσει
1509 3900 1779 3965 aliquoties
1822 3900 2031 3951 Arcada
2072 3906 2128 3950 et
2168 3898 2554 3962 Persephonen,

384 3976 646 4040 ἀναφορικῄ·
697 3980 883 4039 quater
937 3975 1130 4037 repetit
1200 3975 1428 4025 ‘Troilel
1509 3988 1611 4025 ιιι.

385 4052 475 4100 Ita
495 4048 914 4115 DionysiusAfer
927 4064 1000 4100 vs.
1015 4052 1131 4099 ⁷94.
1147 4055 1203 4099 et
1227 4057 1311 4099 ter
1324 4049 1428 4108 Ῥή·
1571 4055 1671 4101 329
1700 4050 1818 4114 Spes
1832 4050 2019 4114 publica
2038 4049 2175 4113 υἱέα]
2208 4049 2291 4100 Ita
2315 4048 2555 4100 Claudia·

387 4130 493 4181 Bas.
514 4135 573 4177 ut
587 4128 862 4188 Homerus,
890 4126 1100 4175 Nireus.
1135 4125 1282 4175 Idem
1302 4126 1428 4175 Dio·
1508 4141 1638 4176 nun
1684 4126 1938 4175 ‘Publica
1978 4125 2269 4176 morborum
2314 4124 2557 4191 requies?

309 4198 315 4205 '
387 4203 560 4266 nysius
597 4210 776 4268 quater
819 4203 972 4266 Ilion,
1007 4206 1121 4251 815.
1184 4202 1430 4267 Papinius
1509 4200 1769 4265 Epigram.
1790 4200 1856 4250 de
1875 4198 2075 4263 Apono.
