3173 4957
937 406 1035 458 DE
1083 408 1325 457 BELLO
1369 408 1713 458 'ruo-nmo
1760 408 1909 458 mn.
1954 410 2039 458 11.

391 550 888 636 Myrmidonum
919 570 1258 634 proceres.
1342 550 1610 617 Gaesum
1638 550 1861 634 lugere
1887 556 2251 636 parentem,

388 652 807 717 Exhaustam
835 652 1089 717 vidisse
1123 652 1420 729 domum,
1447 652 1809 735 lapsosque
1840 663 2153 734 penates,

388 752 493 819 Sit
519 754 722 820 satis:
771 754 1138 818 Hesionem
1168 753 1482 837 lacrymis
1512 754 1751 817 solatia
1781 755 1989 817 tantis

389 854 702 919 Reddite.
791 855 1012 919 Parva
1039 854 1308 937 quidem
1337 872 1577 937 posco,
1608 853 1725 918 sed
1755 855 2039 919 muneris
2068 856 2283 921 instar

389 955 695 1039 MajoriS‚
728 957 882 1021 vitae
912 957 1180 1039 pariter,
1207 956 1588 1039 pariterque
1620 955 1823 1019 saluti

297 1080 313 1091 ⁸
388 1057 783 1122 Exanimem
817 1058 1086 1122 dabitis·
1173 1057 1290 1122 Sic
1324 1064 1683 1139 postquam
1714 1060 1989 1138 questus
2016 1065 2086 1122 et
2109 1056 2269 1142 ipsi,

386 1158 478 1223 Et
506 1159 613 1223 cui
647 1159 881 1224 charta
909 1158 1120 1235 datur,
1150 1157 1417 1241 tepidus
1446 1156 1593 1221 fluit
1619 1157 1859 1222 humor
1886 1157 1955 1221 in
1987 1177 2121 1225 ora.

470 1261 791 1339 Antenor,
831 1260 1155 1347 Zephyris
1187 1258 1505 1323 blandum
1535 1258 2024 1341 spondentibus
2054 1278 2311 1344 aeqnor,

387 1361 639 1427 Haurit
665 1364 826 1427 iter:
869 1362 1274 1445 rapiensque
1305 1359 1500 1423 ducis
1524 1358 1843 1424 mandata
1874 1379 1995 1442 per
2022 1360 2261 1439 undas,

385 1461 722 1545 Magnesii
754 1462 940 1539 fineS,
972 1464 1256 1545 Sparten
1284 1461 1707 1544 praetervolat
1732 1462 1962 1539 altam,

2479 1465 2609 1529 ’70-

385 1564 896 1647 Fatidicamque
926 1563 1173 1647 Pylon,
1201 1564 1439 1646 paucis
1469 1563 1580 1627 ubi
1612 1568 1831 1628 tracta
1856 1562 2093 1628 diebus

385 1666 550 1731 Otia
575 1666 948 1751 dequestus
975 1665 1194 1731 cedit:
1238 1683 1371 1731 non
1392 1664 1601 1729 Pelea
1630 1683 1963 1747 magnum,

382 1768 808 1852 Tyndaridas
834 1768 1150 1851 geminoS,
1181 1768 1442 1851 Pyliam
1471 1768 1719 1831 flexere
1754 1773 2092 1831 senectam

381 1866 614 1933 Verba
643 1869 871 1935 ducis:
913 1870 1052 1933 laeti
1083 1869 1350 1933 tandem
1375 1867 1765 1933 Telamonis
1792 1867 1880 1932 ad
1909 1867 2138 1930 urbem

383 1967 626 2033 Flectit
651 1970 794 2047 iter,
837 1968 1294 2051 Lachesisque
1324 1968 1551 2051 sugam
1579 1968 1871 2051 vestigat
1896 1968 1967 2031 in
1994 1984 2241 2031 omnes·

2472 1969 2559 2033 75

468 2070 692 2153 Regia
719 2073 899 2136 celsa
923 2071 1113 2147 nitet,
1138 2070 1613 2154 complutaque
1644 2071 1893 2135 murice
1923 2070 2134 2134 multo

381 2173 695 2256 Purpura
723 2171 1038 2238 Sidonios
1067 2172 1386 2256 dispergit
1413 2174 1481 2237 in
1510 2174 1681 2237 atria
1706 2172 1932 2250 luxae,

381 2274 730 2339 Solennem
763 2274 1066 2339 confessa
1093 2275 1290 2353 diem,
1323 2295 1460 2359 qna
1481 2275 1706 2359 jungit
1732 2276 2003 2341 herilem

378 2376 426 2442 J
432 2396 561 2440 uno
591 2382 846 2441 torum:
891 2376 1049 2441 laeto
1080 2378 1306 2442 cuncti
1338 2378 1667 2465 connulgia
1693 2377 1939 2460 plausu

380 2475 888 2555 Concelebrant,
915 2478 1294 2563 populoque
1326 2499 1446 2544 suo
1473 2480 1827 2543 certamina
1853 2477 2068 2562 prima

375 2578 848 2663 Ventripotens
878 2580 1070 2664 ponit
1097 2581 1363 2663 genius:
1407 2597 1674 2644 coenare
1702 2577 2033 2657 decorum,

376 2679 467 2746 Et
492 2701 755 2746 mensas
783 2683 1037 2748 variare
1053 2684 1296 2765 juvatt
1337 2699 1459 2746 nec
1495 2680 1744 2764 pocula
1776 2679 2015 2744 desunt

1329 2969 1333 2973 ,
1365 2910 1578 2962 No'rAE

440 3046 506 3094 70
539 3043 783 3106 Magnesia·
788 3041 943 3109 finer]
973 3043 1133 3106 Lego,
1154 3049 1209 3092 ιιι
1233 3043 1424 3108 Luere-

377 3119 478 3168 tius
500 3133 578 3168 vr.
611 3119 628 3146 ‘
648 3118 900 3182 Magnesl
923 3117 1128 3168 flumina
1152 3118 1299 3170 saxi?

439 3198 498 3245 71
539 3195 896 3256 Fatidica-que
916 3193 1099 3259 Pylon]
1132 3195 1424 3254 Cursatidt'-

375 3285 462 3320 ea.-
497 3277 550 3318 et
571 3270 842 3334 qua-nem?
874 3276 982 3319 tres
1007 3269 1142 3318 enim
1165 3269 1424 3332 cognomi·

375 3360 468 3396 nes
490 3345 541 3393 in
566 3343 779 3409 Pelopis
801 3345 900 3395 ista
921 3345 1105 3396 insula.
1183 3344 1424 3396 PriusA-

375 3420 672 3486 pollodorur
693 3434 732 3471 ι.
750 3434 835 3470 me
849 3420 1056 3472 docuit:
1079 3420 1335 3472 habitavit
1351 3421 1423 3470 ibi

373 3496 663 3558 Melampus
685 3503 864 3546 vates:
897 3497 964 3545 de
985 3511 1086 3560 qno
1107 3497 1239 3546 mira
1261 3496 1402 3546 inibi.

432 3575 499 3620 ¹72
535 3571 649 3619 Otia
665 3571 935 3635 dequestus]
970 3571 1146 3621 Morus
1165 3586 1350 3636 nempe
1367 3579 1424 3622 et

372 3644 964 3708 comperendinationes.
1047 3646 1182 3696 Vide
1251 3646 1421 3696 Caroli

371 3719 636 3772 Pasehelii
658 3720 904 3780 Legatum
928 3725 1009 3771 86.
1041 3722 1225 3786 Papin.
1251 3735 1293 3772 ι.
1323 3723 1339 3751 ‘
1357 3723 1426 3771 si·-

371 3797 625 3860 milesque
648 3795 694 3845 N
702 3801 818 3844 etos
832 3795 1112 3859 dequestus
1127 3806 1180 3848 et
1197 3797 1426 3849 inbresss

373 3873 674 3924 Guntherus
697 3885 740 3922 ιε
773 3873 790 3899 ⁸
810 3870 1048 3936 dequesti
1065 3873 1296 3924 crudelia
1317 3871 1424 3925 fac-

373 3955 430 4000 ta
453 3947 699 4011 tyranni!

437 4029 500 4075 75
537 4025 1028 4089 Lacheeirquesugam
1043 4026 1251 4087 emigrat
1262 4025 1316 4075 in
1327 4041 1424 4076 om·

371 4099 576 4164 m1v1.
589 4106 706 4152 771).
729 4104 745 4132 ‘
765 4101 883 4152 Fati
905 4099 1026 4164 fuga
1039 4103 1147 4151 sola
1167 4103 1376 4152 timetur
1394 4107 1428 4156 ε·

375 4175 501 4242 quie
530 4177 732 4240 legatus
754 4183 922 4228 tutum
956 4177 1059 4227 iter
1086 4184 1142 4227 et
1163 4176 1426 4228 admissio·

373 4265 492 4306 nem
533 4251 835 4320 quaerebam
887 4253 1124 4305 solebant
1161 4252 1216 4304 id
1251 4251 1424 4308 faeere

1506 3053 1649 3092 ramo
1667 3041 1799 3092 oleoe
1821 3041 1990 3091 velato
2006 3041 2142 3091 lana.
2175 3041 2302 3090 Luc.
2316 3054 2401 3091 ιιι.
2424 3049 2440 3072 ‘
2455 3044 2559 3093 eul-

1506 3126 1666 3183 tuqne
1702 3118 1903 3182 insigne
1942 3117 2169 3167 verendo
2190 3119 2409 3169 vittatae
2444 3121 2557 3169 lau-

1503 3207 1591 3243 rus
1635 3200 1691 3243 et
1730 3193 1977 3256 supplicis
2022 3193 2174 3242 arbor
2216 3192 2401 3250 olive?
2460 3195 2556 3244 Sic

1503 3267 1641 3331 apud
1672 3267 1819 3330 Virg.
1849 3266 1867 3295 ⁶
1887 3281 2065 3330 pacem
2101 3266 2352 3332 pref-tur
2388 3269 2556 3318 oliva)

1504 3345 1635 3393 Cum
1668 3342 1859 3392 ambitu
1899 3341 2017 3391 vlde
2052 3349 2291 3406 agentem
2326 3341 2393 3392 de
2422 3343 2553 3392 istac

1502 3436 1559 3471 re
1581 3420 1909 3471 Paschalium
1934 3419 2019 3468 De
2041 3420 2199 3482 legat.
2221 3425 2303 3470 22.

1563 3499 1632 3546 76
1666 3496 2001 3558 Complutaque
2019 3494 2195 3544 κιαι-ὗσε
2212 3494 2383 3558 multo]
2426 3495 2561 3548 Vide

1500 3585 1540 3622 1.
1560 3576 1677 3621 4⁷1.

1562 3651 1626 3698 sl
1667 3646 1997 3710 Ventripotens
2023 3646 2157 3710 ponit
2189 3646 2382 3710 genius]
2430 3653 2552 3697 rao·-

1502 3724 1771 3791 «ptumus.
1807 3723 1888 3773 lta
1901 3723 2152 3788 Papinius
2169 3723 2373 3788 v.Sylv.
2397 3723 2414 3752 ‘
2434 3739 2554 3774 ven.

1505 3803 1657 3864 triloq
1664 3799 1750 3862 ui,’
1769 3797 2145 3863 ἑν-γαστριμύθων
2154 3797 2443 3863 σωμασκίαν,
2467 3814 2553 3849 ve·

1503 3891 1563 3927 ro
1585 3889 1690 3926 non
1708 3875 1896 3926 inscite
1917 3874 2183 3924 describit.

1569 3957 1633 4003 82
1666 3951 1739 4002 Et
1770 3965 1953 4001 meum
1981 3951 2171 3999 vedare
2192 3949 2357 4012 Juvat]
2390 3949 2553 4001 Satin’

1503 4034 1677 4090 eante,
1707 4041 1801 4091 pro
1836 4027 1937 4078 isto
1958 4026 2161 4092 quidem
2197 4026 2421 4075 soecnlo?
2455 4025 2553 4076 nisi

1503 4117 1599 4168 per
1618 4117 1840 4166 mensas,
1864 4109 1923 4152 ut
1945 4101 2020 4150 ait
2041 4100 2199 4150 ovid.
2221 4114 2300 4151 rx.
2336 4101 2555 4154 Metam.

1503 4178 1713 4229 ‘felicia
1756 4191 1906 4242 poma
1945 4174 2235 4241 secundas,’
2273 4175 2555 4241 τραγήματα

1505 4260 1559 4306 et
1579 4251 1850 4317 μελίπηκτα
1870 4251 2147 4316 intelligit3
2190 4253 2329 4320 quod
2354 4267 2457 4304 non
2480 4255 2561 4306 vi·
