3173 4957
621 398 750 463 3⁷2

621 558 814 621 Tunc
843 558 1114 639 dignum
1145 558 1401 641 majore
1427 563 1619 639 tuba,
1650 570 1806 626 tunc
1838 568 2117 644 pectore
2146 567 2292 625 toto

1408 416 1715 465 JosssPffl
1766 418 1979 467 {scau
1992 419 2014 464 Ι

622 657 848 731 Nitar‚
876 666 947 722 et
975 660 1369 723 immensum
1399 680 1663 725 mecum
1692 681 1999 744 spargere
2030 681 2151 744 per
2176 663 2427 726 orbem.

709 760 996 825 Luserat
1020 760 1352 825 omnificae
1385 763 1729 843 quondam
1760 762 2035 826 solertia
2058 782 2262 839 curae,

622 859 908 943 Ignotus
935 862 1170 929 molita
1197 869 1399 939 rates,
1429 863 1711 944 aurique
1738 863 2013 945 cupido,

619 960 930 1029 Audendi
955 973 1368 1047 transgressa
1395 964 1691 1041 modum,
1720 970 1899 1027 trans
1924 982 2197 1047 aequora
2220 963 2425 1038 misit,

621 1062 762 1141 Qui
790 1075 1105 1148 caperent
1128 1066 1479 1143 thalamos,
1509 1066 1880 1148 spoliarent
1908 1066 2161 1149 templa
2190 1062 2509 1129 metallis.

2719 1064 2807 1127 55

617 1162 885 1229 Siccine
911 1167 1211 1231 mortalis
1239 1166 1442 1231 finem
1471 1168 1741 1232 metitur
1767 1169 1991 1232 hiatus
2010 1170 2041 1232 ‘l

619 1264 892 1348 Egestae
923 1269 1026 1333 sic
1062 1268 1234 1331 Ditis
1261 1286 1456 1350 opes,
1461 1280 1659 1371 fluas
1682 1270 1975 1333 ambitus
2005 1270 2255 1343 audax,

621 1366 812 1445 Quas
840 1366 1074 1450 proedo
1104 1368 1368 1449 pallens
1399 1368 1652 1451 Stygiis
1676 1376 2029 1452 extorquet
2053 1371 2140 1435 ab
2168 1370 2400 1445 antriS,

617 1466 968 1532 Sufficiunt
985 1468 1016 1530 ‘l
1062 1469 1174 1532 cui
1197 1468 1343 1550 jam
1372 1471 1543 1532 satis
1572 1476 1701 1548 est,
1726 1472 1901 1552 quod
1932 1491 2155 1553 regna,
2183 1471 2356 1554 quod
2392 1471 2615 1545 uther„

614 1567 914 1651 Ipsaque
941 1568 1120 1650 quod
1152 1575 1420 1651 pateant
1447 1570 1785 1652 rapiendis
1805 1570 2085 1635 Tartara
2112 1572 2297 1653 gazis
2318 1572 2349 1633 'l

2716 1568 2803 1631 60

616 1668 766 1732 Itur
793 1670 862 1731 in
891 1669 1154 1749 ignotos
1185 1667 1458 1743 fluctuS,
1486 1670 1792 1753 ultroque
1820 1672 2134 1753 procellis

623 1768 948 1833 Insultare
960 1768 1177 1852 juvat,
1199 1775 1270 1831 et
1298 1770 1426 1833 soli
1442 1770 1673 1834 vivere
1700 1770 1865 1835 fato.

627 1885 634 1894 ’
701 1869 1063 1934 AEsonides
1089 1872 1340 1952 primus
1369 1870 1582 1934 undas
1610 1872 1929 1934 assumsit
1950 1873 2018 1934 in
2045 1890 2244 1948 usuS,

1606 2134 1657 2183 N
1666 2135 1821 2184 0¹1·AE

611 2278 676 2326 ad
721 2275 1001 2324 Heni-icum
1046 2274 1346 2333 secundum,
1379 2274 1667 2324 cambdeni

609 2352 829 2411 monitu,
851 2348 1122 2399 referenda
1137 2368 1152 2399 ε
1188 2349 1355 2398 innuit
1377 2356 1552 2398 autem
1574 2362 1663 2397 ex-

606 2425 921 2489 peditionem
942 2426 1224 2490 Syriacam,
1239 2438 1391 2491 quam
1407 2432 1498 2473 aut
1517 2425 1663 2474 Hen-

607 2503 742 2551 ricus
757 2501 1079 2564 moliebatur,
1091 2508 1183 2550 aut
1200 2499 1519 2550 Fridericum
1535 2501 1663 2549 Bar-

607 2577 866 2627 barossam
892 2579 955 2627 ad
993 2578 1131 2627 illam
1154 2577 1476 2638 stimulabat,
1499 2584 1555 2625 et
1577 2579 1661 2641 ju·

605 2653 796 2702 vabat:
827 2653 948 2703 huie
981 2655 1117 2702 enim
1151 2667 1268 2702 cum
1305 2652 1534 2700 Henrico
1566 2650 1665 2701 foe-

607 2728 766 2778 deta:
799 2730 944 2793 cnjus
977 2728 1288 2792 legationem
1326 2727 1392 2774 ad
1433 2727 1662 2777 Frideri-

605 2818 723 2852 cum
758 2804 913 2853 habes
943 2804 1079 2866 apud
1103 2803 1424 2852 Gunthemm
1457 2801 1546 2848 lib.
1579 2815 1662 2850 vr.

611 2884 721 2928 168.
785 2879 890 2928 Sed
911 2880 1037 2928 nihil
1070 2879 1124 2926 in
1161 2878 1247 2924 illa
1275 2877 1342 2923 ad
1373 2877 1661 2938 expeditio-

606 2967 723 3000 nem
745 2952 1028 3016 Syriacam.
1093 2951 1354 2998 Praestitit
1377 2958 1548 2999 autem
1569 2949 1662 3000 Jo-

604 3027 792 3090 sephus
829 3034 1022 3089 noster,
1049 3025 1186 3090 quod
1223 3025 1491 3088 promisit:
1526 3027 1661 3074 illius
1705 3075 1709 3079 ,

603 3104 740 3151 enim
773 3100 1117 3150 Antiocheida
1138 3101 1272 3148 citat
1293 3099 1621 3148 Cambdenus
1642 3116 1657 3149 z

602 3192 784 3226 versus
808 3178 1007 3242 aliquot
1035 3175 1272 3238 γεύματος
1291 3175 1434 3238 χάριν
1470 3177 1521 3224 in
1555 3176 1661 3226 fine

600 3266 688 3301 111.
732 3253 911 3314 posui:
947 3253 1140 3300 utinam
1174 3258 1338 3300 totam
1373 3251 1562 3314 legere,
1602 3258 1660 3300 et

600 3341 718 3377 cum
765 3328 916 3377 Petri
962 3326 1146 3390 Angeli
1191 3325 1399 3388 Barga’i
1441 3325 1659 3389 Syriade

600 3401 670 3466 (si
694 3410 866 3452 tamea
887 3402 1069 3453 eadem
1094 3399 1352 3464 tractant)
1375 3400 1657 3450 contende-

603 3479 886 3527 reliceret.

665 3561 729 3605 52
762 3556 964 3604 Luserat
1002 3555 1230 3619 omnificoe
1265 3555 1492 3617 quondam
1511 3556 1655 3602 soler-

597 3630 670 3680 tia
687 3631 834 3694 σανα]
876 3631 956 3679 De
975 3632 1180 3680 navium
1201 3630 1472 3677 inventore
1493 3629 1657 3690 primo

601 3708 686 3756 alii
710 3707 878 3759 aliter.
912 3707 1075 3756 clem.
1090 3703 1242 3754 Alex.
1259 3705 1453 3752 Strom.
1473 3717 1514 3752 1.
1536 3707 1655 3754 22⁵.

598 3782 868 3831 Atlantem
923 3782 1139 3844 primum
1179 3779 1418 3841 agnoscit
1458 3792 1655 3841 naupe-

597 3870 714 3918 gum
735 3873 747 3902 ε
781 3855 1070 3919 AEschylus,
1093 3855 1408 3902 inventorem
1439 3853 1653 3900 Prome-

598 3930 802 3978 theumz
837 3929 1039 3977 Plinius
1071 3935 1126 3976 et
1158 3925 1520 3990 Apollodorus,
1545 3926 1649 3974 Da-

595 4017 783 4052 naum:
819 4004 1054 4053 Catullus
1084 4006 1140 4051 et
1156 3999 1470 4062 Apollonius
1512 4001 1648 4048 Rho-

597 4078 734 4136 dius,
772 4075 971 4138 Argum
1008 4074 1354 4137 Aristoriden,
1403 4073 1651 4134 Ἀθηναίης

596 4149 1012 4214 ὑποθημοσύνῃσιν.
1076 4149 1380 4210 Athenaeus‘,
1418 4149 1607 4201 Janum
1634 4165 1651 4200 a

594 4225 925 4290 Thucydides
954 4227 1162 4292 aliique,
1196 4223 1443 4276 Minoe-m.
1509 4226 1654 4297 Argo

1748 2286 1922 2326 autem
1946 2280 2096 2328 istam
2118 2278 2427 2341 citiremem,
2444 2282 2504 2326 ut
2525 2278 2691 2327 Varro
2713 2295 2803 2329 no·

1744 2352 1926 2414 minat,
1947 2355 2162 2415 primam
2186 2354 2354 2401 navim
2374 2364 2655 2415 agnoscunt
2674 2356 2802 2405 Ovi-

1746 2428 1881 2485 dius,
1916 2428 2171 2493 Catullus,
2200 2429 2523 2491 Propertius,
2546 2430 2801 2490 Lucanus,

1745 2503 2048 2566 Apollonius
2078 2505 2329 2562 Rhodius,
2351 2504 2569 2562 Plinius,
2606 2505 2801 2554 Demo-

1744 2582 1927 2641 critus,
1972 2582 2059 2645 qui
2101 2580 2393 2629 animalium
2444 2595 2541 2628 nos
2588 2579 2801 2629 dicebat

1744 2653 2042 2717 discipulos,
2084 2656 2334 2705 nautilum
2392 2653 2585 2716 piscem
2626 2669 2801 2704 ausam

1744 2727 1951 2776 dedisse
1966 2743 2085 2777 cnm
2104 2729 2345 2790 oppiano
2362 2739 2557 2778 censet.
2627 2731 2801 2778 Maxi·

1744 2816 1855 2850 muts
1878 2803 2081 2862 Tyrius,
2118 2804 2198 2850 vel
2243 2802 2492 2850 aviculam
2525 2804 2577 2850 iu
2614 2817 2799 2864 aquam

1742 2875 2033 2938 delapsam,
2074 2877 2156 2924 vel
2208 2875 2463 2924 hominem
2516 2881 2805 2940 natantem,

1742 2951 1823 3000 vel
1846 2951 2039 3012 liguum
2064 2950 2117 2996 in
2136 2963 2321 3010 aquam
2342 2949 2651 3012 projectum,
2670 2955 2799 3000 artis

1740 3025 2011 3086 imaginem
2080 3036 2389 3074 monstrasse
2444 3033 2615 3086 putat.
2690 3027 2799 3076 Da-

1739 3114 1989 3150 moxenus
2032 3107 2172 3149 recte
2214 3100 2353 3162 apud
2392 3099 2721 3162 Atheuaeum,
2766 3102 2800 3161 ἦ

1738 3173 1877 3236 φύσις
1901 3175 2059 3234 πάσης
2084 3174 2265 3238 τέχνης
2286 3174 2541 3238 ἆρχίγονόν
2563 3177 2686 3238 ἔστι,
2708 3192 2796 3228 111.

1739 3255 1850 3300 102.
1913 3252 2051 3302 Vide
2094 3261 2150 3302 et
2182 3252 2515 3301 'themistium
2538 3253 2605 3302 de
2630 3255 2797 3317 primo

1736 3327 2028 3387 inventore,
2074 3328 2224 3375 Orat.
2263 3339 2379 3374 xvi.
2424 3329 2539 3374 881.
2578 3335 2635 3376 et
2680 3344 2795 3390 gra·

1737 3401 1941 3463 phicam
1982 3402 2125 3448 navis
2158 3398 2450 3448 ὑποθύτωσιν
2471 3400 2609 3463 apud
2644 3402 2795 3452 Non·

1738 3489 1859 3524 num
1881 3476 2097 3538 Dionys.
2116 3479 2201 3524 4⁰.
2776 3517 2801 3535 .-

1799 3553 1865 3598 57
1900 3552 2097 3612 Egesta
2140 3551 2211 3598 sic
2249 3551 2391 3599 Ditis
2430 3552 2563 3615 opes]
2604 3551 2792 3614 Papin-

1737 3632 1751 3652 ‘
1769 3623 1859 3674 ubi
1880 3624 2009 3674 Dite
2035 3627 2143 3674 viso
2160 3625 2411 3674 Pallidus
2449 3625 2613 3675 fossor
2637 3628 2797 3690 redit,

1738 3707 1991 3764 erutoque
2014 3701 2269 3750 Concolor
2288 3714 2415 3749 auro
2430 3701 2465 3748 :'
2500 3715 2566 3750 ex
2590 3718 2689 3766 quo
2711 3705 2794 3752 Si-

1734 3775 1853 3837 lius,
1876 3783 1935 3824 ut
1953 3776 2163 3825 doctiss.
2185 3782 2334 3825 notat
2358 3775 2606 3826 Heinsius
2632 3792 2646 3824 ε
2684 3783 2697 3804 ‘
2718 3778 2793 3828 Et

1735 3849 1869 3898 redit
1909 3848 2089 3899 infelix
2124 3847 2313 3901 effosso
2353 3850 2593 3916 concolor
2631 3851 2797 3899 auro!

1733 3925 1818 3974 De
1844 3938 1900 3973 re
1922 3925 2105 3972 eadem
2130 3924 2341 3973 Latinus
2362 3924 2606 3978 Pacatus,
2626 3923 2789 3987 insig-

1730 3999 1807 4046 nis
1830 3997 2141 4061 Panegyrici
2162 4005 2359 4057 auctor,
2378 3999 2461 4044 24.
2833 4048 2840 4053 ,

1795 4077 1858 4122 63
1892 4073 2161 4136 AEsom‘des]
2204 4071 2459 4120 Convenit
2493 4070 2547 4119 id
2584 4071 2785 4124 Iasonis

1734 4145 1896 4210 ὀρέξει,
1916 4147 2005 4211 qui
2027 4145 2326 4204 Aristotelis
2352 4144 2540 4206 verbis,
2561 4145 2653 4208 ἔφη
2683 4165 2785 4196 πει-

1735 4225 1819 4288 νῇν
1834 4223 1908 4272 ὅτι
1927 4223 1994 4283 μὴ
2014 4222 2244 4284 τυραννεῖ,
2268 4219 2424 4270 Polit.
2446 4233 2533 4272 ιιι.
2557 4225 2605 4272 3.
