3173 4957
1203 417 1304 465 An
1358 418 1787 475 neroum,
2445 402 2568 472 361

655 700 1074 767 Guilhelmus
1104 701 1528 799 cambdenus
1556 705 1627 768 in
1650 704 1994 770 Britannia
2021 723 2141 771 sua
2168 706 2316 773 133.

485 863 644 942 Quo
685 866 934 930 saeculo
977 861 1229 944 floruit,
1265 868 1381 949 qui
1410 866 1568 931 hinc
1613 860 1937 932 oriundus
1976 876 2045 933 et
2073 868 2573 952 cognominatus

394 966 740 1052 Josephus
801 966 1110 1045 IscanuS,
1161 967 1711 1051 splendidissimo
1769 971 2038 1053 ingenio
2084 970 2324 1049 Poeta,
2378 971 2575 1057 cujus

397 1070 648 1153 scripta
689 1070 784 1134 ita
812 1071 1285 1153 probabantur,
1333 1076 1411 1134 ut
1436 1070 1525 1134 ad
1552 1078 1852 1135 veterum
1885 1072 2280 1156 scriptorum
2307 1072 2574 1138 laudem

267 1244 272 1249 ,
393 1172 807 1253 pervenerint
836 1194 854 1237 t
895 1171 1044 1254 ejus
1074 1175 1316 1236 etenim
1348 1173 1432 1236 de
1455 1173 1634 1237 bello
1659 1172 1953 1257 Trojano
1982 1172 2227 1258 poema
2255 1172 2574 1239 Germani

397 1274 602 1338 semel
633 1281 833 1357 atque
861 1274 1103 1341 iterum
1149 1276 1278 1339 sub
1324 1272 1619 1341 Cornelii
1662 1274 1949 1359 Nepotis
1971 1278 2241 1364 nomino
2270 1275 2573 1357 divulga-

392 1383 564 1441 runt.

1322 1544 1513 1609 Idem
1541 1544 1650 1610 33.

481 1677 687 1757 Quod
747 1698 905 1744 vero
961 1678 1320 1743 Britannos
1379 1700 1512 1744 una
1569 1700 1726 1744 cum
1771 1678 2070 1745 Hercule
2114 1680 2189 1745 in
2231 1678 2573 1744 Hesiones

392 1788 594 1862 raptu
651 1779 924 1844 affuisse
968 1781 1338 1863 colligatur,
1383 1802 1468 1845 ex
1539 1780 1645 1846 his
1691 1780 2005 1859 Cornelii,
2048 1789 2125 1846 ut
2168 1781 2575 1858 existimant,

393 1880 685 1963 Nepotis
716 1883 1039 1961 versibus,
1080 1882 1243 1947 dum
1285 1883 1552 1967 nuptias
1577 1882 1959 1948 Telemonis
1985 1890 2055 1947 et
2082 1882 2426 1949 Hesiones
2456 1883 2575 1947 de·

395 1982 628 2046 scribit
658 1999 740 2045 11.
765 1982 874 2047 87.
1994 2004 2003 2011 ·
2182 1982 2186 1988 ’

820 2089 889 2148 et
909 2086 980 2147 in
1011 2104 1210 2150 aurea
1235 2087 1488 2169 pocula
1514 2087 1649 2151 fusi

563 2185 854 2251 Invitant
884 2206 1030 2251 sese
1060 2189 1308 2271 pateris
1337 2187 1530 2270 plebs
1559 2190 1799 2267 mixta,
1835 2188 2160 2266 Britanni,
2188 2190 2313 2252 διο.

393 2285 606 2349 Plane
623 2286 973 2370 poeticum
995 2295 1142 2353 est:
1173 2296 1241 2353 et
1253 2290 1433 2354 illius
1461 2295 1801 2355 auctorem
1818 2310 1947 2354 non
1966 2290 2177 2355 fnisse
2195 2288 2572 2354 Cornelium

394 2386 748 2469 Nepotem,
795 2395 867 2453 ut
894 2388 1208 2454 Germani
1237 2392 1490 2469 volunt,
1535 2392 1653 2457 sed
1683 2393 1730 2456 J
1733 2393 2051 2476 osephum
2084 2392 2402 2455 Iscanum
2432 2391 2577 2455 sive

342 2563 346 2566 v
392 2489 860 2570 Exoniensem,
914 2492 1204 2558 dilucide
1245 2501 1312 2558 et
1355 2496 1546 2578 quasi
1590 2497 1965 2578 obsignatis
2008 2495 2251 2560 tabulis
2294 2495 2576 2577 probare

389 2610 694 2686 possum.
783 2593 1036 2676 Utique
1093 2595 1209 2678 qui
1262 2596 1544 2660 Henrici
1594 2599 1799 2661 nostri
1858 2596 2135 2661 secundi
2188 2602 2255 2660 et
2296 2595 2575 2661 Thomae

393 2691 890 2760 Cantuariensis
920 2695 1434 2781 Archiepiscopi
1463 2699 1852 2763 meminerit.

1289 2935 1483 3003 Idem
1529 2938 1679 3004 160.

479 3062 628 3128 Nec
659 3068 784 3130 abs
812 3088 887 3133 re
915 3071 1061 3147 erit,
1107 3072 1166 3135 si
1195 3091 1347 3156 quae
1374 3071 1420 3136 J
1424 3072 1723 3155 osephus
1765 3077 1987 3136 noster
2015 3069 2298 3134 Iscanns
2325 3085 2461 3132 non
2490 3063 2574 3130 de

387 3167 639 3246 populo
666 3168 884 3234 Poeta
908 3171 1065 3236 olim
1096 3174 1164 3238 in
1192 3193 1321 3240 sua
1347 3172 1810 3252 Antiocheide,
1834 3175 1903 3239 in
1931 3171 2291 3239 Arthurnm
2316 3171 2577 3248 cecinit,

387 3266 500 3332 hic
533 3269 909 3354 adjungam.
995 3273 1281 3358 [Versus
1304 3277 1514 3340 babes
1541 3277 1612 3342 in
1640 3276 1767 3342 fine
1794 3273 2292 3352 Notarum111.]

1293 3486 1483 3551 Idem
1521 3485 1676 3550 261.

479 3613 619 3678 Hic
649 3607 761 3679 ille
791 3622 895 3680 est
923 3611 1187 3697 Scaeva,
1233 3619 1430 3701 cnjus
1461 3619 1673 3683 virtus
1700 3621 1768 3683 in
1794 3616 1978 3682 bello
2007 3613 2191 3680 civili
2221 3611 2576 3698 Dyrrachii

388 3713 758 3784 clarissime
789 3718 1082 3798 emicuit,
1116 3740 1446 3805 quemque
1475 3722 1746 3786 natione
1776 3721 2167 3786 Britannum
2194 3717 2403 3780 fuisse
2433 3713 2575 3781 Po-

387 3811 504 3879 eta
533 3821 760 3880 noster
786 3817 830 3882 J
837 3819 1124 3902 osephus
1151 3823 1222 3886 in
1253 3821 1697 3887 Antiocheide
1724 3815 1970 3904 prodit,
1986 3819 2095 3883 his
2122 3818 2203 3882 de
2229 3816 2578 3883 Britannia

389 3917 735 3982 versibus:

561 4017 747 4083 Hinc
777 4023 847 4084 et
876 4019 1119 4086 Scaeva
1147 4032 1360 4104 satus,
1389 4045 1546 4109 pars
1575 4045 1709 4090 non
1742 4025 2031 4088 obscura
2058 4018 2383 4086 tumultus

561 4117 826 4198 Civilis,
853 4120 1174 4205 Magnum
1207 4128 1391 4192 solus
1421 4129 1537 4210 qni
1558 4128 1730 4191 mole
1762 4125 1983 4189 soluta

562 4217 874 4302 Obsedit,
904 4225 1270 4310 meliorque
1299 4231 1488 4294 stetit
1509 4249 1633 4314 pro
1662 4228 1933 4293 Caesare
1963 4241 2214 4288 murus.
