3173 4957
977 422 1073 469 DE
1121 420 1361 469 BELLO
1407 418 1748 467 TROJANO
1798 419 1944 466 mn.
1992 420 2097 493 VI?

2477 404 2606 470 527

431 562 638 629 Haud
668 563 881 627 minor
904 565 1247 646 insurgens
1274 564 1469 627 heros
1494 562 1671 629 Jove
1694 568 1882 646 patre
1909 563 2242 645 superbus

424 665 470 729 J
475 683 757 729 unonem
786 663 1169 746 Argolicam
1195 662 1680 747 congressuque
1711 665 1898 746 signa
1927 663 2223 729 Deorum

2521 668 2608 733 60

429 766 697 848 Spernit
726 771 922 829 atrox
946 786 1411 847 :quacumque
1439 778 1650 846 vagos
1677 773 1978 848 raptatur
1997 765 2074 827 in
2097 763 2349 843 hosteS,

428 868 649 931 Millia
678 866 887 931 multa
926 886 1122 930 manu
1150 868 1517 949 proturbat,
1545 866 1758 930 millia
1789 859 2000 930 multa

424 968 579 1032 Axe
608 966 1009 1051 superjecto,
1033 966 1281 1032 fulmen
1307 968 1545 1032 saevire
1574 973 1922 1050 paternum

426 1068 700 1147 Credas,
726 1073 795 1132 et
821 1070 1103 1133 tonitrus
1127 1088 1317 1133 curru
1350 1068 1662 1133 stridente
1691 1069 1995 1131 minoresa

510 1170 782 1234 Occidit
809 1169 1042 1234 infelix
1072 1169 1359 1247 Gobius,
1386 1189 1509 1233 nec
1539 1168 1756 1233 laetior
1781 1167 1902 1231 illo

423 1270 898 1353 Triptolemus,
921 1273 1289 1354 suetusque
1320 1269 1495 1333 feras
1515 1272 1846 1334 incessere
1875 1269 2025 1333 telis

424 1371 789 1436 Moenalius
819 1370 1123 1448 Cormas,
1154 1377 1429 1453 quartus
1459 1377 1561 1435 tot
1591 1371 1828 1434 funera
1858 1370 2103 1434 Perses

412 1471 625 1536 *Ultus
654 1472 836 1537 obit:
877 1471 1089 1536 laevos
1114 1474 1326 1536 misso
1358 1471 1771 1556 Sarpedonis
1804 1490 2024 1535 armos

421 1572 797 1637 Transierat
812 1574 1041 1656 jaculo
1068 1594 1087 1638 ε
1134 1574 1252 1637 sed
1278 1574 1395 1637 vix
1423 1578 1646 1637 tamen
1677 1574 1788 1636 ille
1819 1576 2096 1637 coactus

418 1672 722 1737 Tandem
749 1676 942 1737 vertit
966 1676 1117 1752 iter,
1144 1676 1461 1755 vultuque
1492 1675 1563 1738 in
1592 1680 1778 1755 terga
1806 1672 2086 1756 reject0‚

2511 1668 2600 1735 60

418 1772 530 1836 Ad
560 1780 833 1838 cunctos
860 1774 1075 1837 haeret
1102 1792 1388 1853 gressuS,
1418 1792 1802 1855 semperque
1831 1772 2044 1835 redire

416 1870 652 1951 Ardet,
680 1892 815 1936 non
842 1892 1049 1955 posse
1070 1873 1447 1953 indignans,
1471 1872 1834 1954 pulsatque
1865 1876 2190 1935 vetantes..

418 1972 513 2037 At
530 1972 673 2055 jam
704 1972 951 2052 caligat
978 1973 1188 2049 acieS,
1222 1973 1588 2053 sparsoque
1605 1956 1849 2035 ¹cruore

418 2072 765 2137 Deficiunt
795 2074 1097 2155 quamvis
1128 2074 1388 2135 victuro
1417 2071 1690 2141 vulnere
1721 2073 1919 2135 vires.

506 2172 765 2235 Interea
786 2170 1055 2235 Moesas
1086 2178 1399 2254 properat
1426 2172 1684 2235 laturus
1713 2172 1957 2235 aristas

420 2270 884 2353 Demophoon,
914 2270 1269 2346 GaramaS,
1298 2276 1365 2333 et
1392 2276 1479 2345 te,
1510 2270 1834 2346 Thesida,
1862 2270 2196 2335 volentem
2272 2276 2278 2281 '

1172 2369 1445 2431 Danaas
1473 2369 1902 2433 hebetaverat
1930 2372 2064 2433 iras

383 2372 645 2435 ‚Tertia
676 2390 831 2435 cura
858 2377 1081 2433 vocat.

418 2472 767 2555 Belligerae
800 2470 1039 2536 messis
1062 2470 1333 2552 vinique
1366 2468 1646 2532 audacis
1677 2476 1969 2551 egestae,

418 2575 509 2638 Et
536 2575 710 2638 vires
740 2573 1021 2655 depasta
1046 2571 1289 2651 fames:
1336 2588 1479 2652 pax
1508 2589 1694 2634 arma
1721 2576 2023 2652 soporat,

418 2673 631 2758 Inque
658 2692 900 2738 annum
922 2671 1148 2754 jurata
1174 2669 1383 2733 fides:
1428 2669 1696 2752 utrique
1728 2668 1984 2734 cohorti

2505 2667 2594 2730 7⁰

1320 2813 1680 2836 eneeeeeeeeo

482 2925 545 2970 60
580 2917 779 2982 Reflexo
802 2917 1041 2966 Dresem.
1083 2913 1218 2964 Vide
1243 2921 1351 2964 not.

1390 3042 1604 3093 No'rAE

481 3148 544 3194 52
571 3143 730 3192 Miltia
751 3141 923 3203 multa]
960 3135 1093 3186 Vide
1116 3151 1169 3186 v.
1190 3140 1301 3186 381.

482 3225 543 3268 65
568 3220 671 3267 Nec
694 3217 847 3266 laetior
866 3215 950 3264 illo
984 3211 1311 3275 Triptolemus]
1352 3210 1459 3258 Da-

414 3309 496 3344 res
524 3294 873 3358 Tlepolemum
905 3295 1058 3339 vocat
1097 3287 1373 3346 Rhodium,
1406 3291 1460 3334 et

416 3370 675 3420 Diodorus
717 3367 917 3417 Siculus
960 3377 1039 3413 ιν.
1075 3367 1188 3412 241.
1222 3361 1309 3425 qui
1351 3361 1463 3409 vult

414 3445 655 3495 Herculia
714 3443 873 3492 filium
924 3438 1099 3494 fuisse,
1145 3436 1209 3485 ad
1253 3436 1463 3498 Trojam

413 3519 726 3585 profectum,
746 3517 971 3580 inibique
994 3515 1236 3571 occisum,
1256 3527 1306 3575 p.
1324 3515 1439 3562 330.

478 3599 540 3644 60
582 3594 813 3654 Vultaque
838 3594 893 3640 iu
925 3597 1061 3652 terga
1098 3587 1295 3651 reiecto]
1341 3588 1388 3636 N
1394 3601 1461 3636 on

412 3664 569 3728 credo
588 3666 719 3716 adeo
752 3671 992 3728 proterve
1016 3662 1265 3726 temporis
1291 3661 1459 3724 legem

410 3743 655 3805 migrasse
678 3741 945 3800 Nostrum,
963 3739 1192 3803 quamvis
1214 3736 1459 3800 Papinius

412 3817 625 3878 dixerit,
648 3816 664 3844 ‘
680 3815 1061 3878 proclamatque
1085 3811 1219 3861 adici
1247 3811 1461 3860 cervici-

412 3896 509 3944 bus
522 3888 709 3953 Atlas,’
727 3892 742 3918 ‘
758 3889 1025 3953 rejicitque
1043 3902 1198 3937 canes
1213 3887 1265 3936 in
1279 3887 1459 3936 vulnus

410 3967 648 4022 hiantes!
668 3969 807 4031 Lego
825 3966 982 4030 igitur
1000 3965 1015 3992 ‘
1032 3965 1083 4013 in
1103 3972 1247 4026 terga
1261 3963 1460 4027 relato,'

414 4048 499 4100 vel
521 4048 537 4075 ‘
554 4040 783 4108 reflexo,'
800 4042 934 4108 quod
952 4047 1007 4090 et
1031 4041 1223 4089 Nostro
1246 4052 1458 4102 usurpa·

415 4129 611 4182 tum,et
629 4121 754 4171 aliis.
794 4121 961 4182 Supra
978 4121 1059 4167 13.
1075 4115 1306 4166 ‘Avertit
1325 4114 1458 4164 collo

414 4196 678 4248 venientia
720 4204 868 4260 terga
910 4192 1139 4245 reflexo.’
1192 4189 1374 4242 Manil.
1419 4204 1461 4240 ι.

1539 3140 1555 3167 ‘
1576 3137 1776 3188 cervice
1799 3135 2027 3187 reflexa!
2057 3135 2241 3196 Vir-gil.
2257 3133 2368 3183 AEn.
2393 3146 2450 3182 x.
2470 3139 2485 3164 ⁸
2503 3148 2590 3196 ga-

1542 3214 1672 3261 leam
1703 3215 1834 3262 laeva
1856 3219 2021 3272 tenet,
2039 3219 2195 3274 atque
2235 3209 2428 3260 reflexa
2463 3209 2589 3258 Cer-

1542 3289 1653 3337 vice
1675 3288 1868 3337 orantis
1891 3288 2072 3350 capulo
2099 3294 2248 3334 tenus
2279 3285 2478 3334 abdidit
2499 3298 2585 3333 en·

1542 3367 1687 3414 sem.⁹

1605 3441 1670 3486 66
1704 3437 2024 3499 Demophoon,
2039 3435 2294 3494 ⁴Garamas,
2315 3440 2361 3483 et
2377 3440 2442 3495 te,
2464 3433 2583 3483 The-

1538 3513 1662 3571 sida,
1675 3513 1902 3561 volentem
1928 3511 2090 3560 Tertia
2109 3523 2224 3558 cara
2245 3509 2402 3572 rocol]
2420 3511 2588 3557 Dares

1540 3587 1606 3636 ad
1641 3583 1976 3646 caron-omrefw
2007 3581 2268 3648 profectos
2302 3584 2414 3632 vult
2449 3582 2584 3646 Aga-

1538 3676 1877 3722 memnonem,
1913 3659 2321 3722 Demophoonta,
2357 3664 2413 3706 et
2452 3657 2586 3705 Aca-

1540 3745 1784 3788 mantem.
1846 3734 2230 3800 Tryphiodorus
2263 3734 2419 3783 etiam
2456 3732 2587 3781 Aca·
2643 3729 2648 3736 “

1537 3823 1762 3864 mantem
1783 3811 2036 3862 Thesiden
2061 3810 2307 3860 nominat.

1600 3893 1662 3939 6⁷
1698 3890 1896 3938 Danaas
1917 3887 2207 3936 hebetaverat
2227 3882 2347 3945 iras]
2387 3883 2584 3934 Plinius

1537 3965 1888 4029 Panegyrico:
1934 3968 1950 3991 ‘
1970 3961 2166 4025 gladios
2199 3959 2395 4009 incuria
2426 3958 2584 4007 hebe-

1538 4041 1638 4092 tari
1679 4039 1986 4102 retundique
2020 4033 2352 4100 gaudebant?
2433 4035 2584 4083 Clau-

1539 4114 1722 4164 dianus
1756 4128 1820 4163 11.
1855 4113 1904 4161 in
1937 4113 2152 4176 Eutrop.
2186 4112 2202 4139 ‘
2222 4110 2359 4174 ipsos
2382 4109 2587 4174 ignavia

1538 4187 1685 4239 fluxit
1710 4189 1762 4238 in
1786 4187 1967 4238 enses?
