3173 4957
575 365 707 430 554

579 519 903 597 Numina,
933 518 1262 585 Palladiae
1292 537 1530 604 pacem
1562 520 1875 584 mentitur
1899 469 2098 584 olivm

1358 357 1671 427 ιοειινίιι
1719 375 1969 425 ιεοΑιιι

580 621 1022 705 Cecropidum
1046 621 1360 704 clypeus3
1410 621 1642 704 gentili
1679 621 1892 688 Marte
1923 622 2208 683 minatur

580 718 999 788 Bistonidum
1031 724 1281 787 cassis:
1332 723 1522 788 Mars
1548 723 1864 805 undique,
1893 727 1960 786 et
1987 721 2278 804 undique
2307 719 2353 784 J
2359 737 2486 784 uno

583 822 900 899 Plurima,
929 823 1235 888 fraxineo
1268 842 1438 888 nunc
1460 825 1768 889 verberat
1797 821 1953 886 aera
1981 823 2208 905 peplo,

583 923 785 988 Nunc
808 924 991 989 sedet
1010 925 1079 989 in
1104 926 1377 1009 parmis,
1398 927 1698 1009 capitum
1729 944 1904 988 nunc
1935 924 2144 1006 surgit
2169 924 2238 987 iu
2271 941 2483 988 arces.

582 1022 680 1088 At
710 1025 934 1109 Phryx
958 1027 1150 1092 Idaea
1177 1027 1455 1112 Cybele,
1488 1026 1842 1110 Idaliaque
1870 1026 2171 1109 superbit

2635 1021 2766 1092 585

586 1126 905 1210 Cypride,
933 1126 1230 1192 fulminei
1252 1129 1495 1213 Tyrias
1518 1147 1680 1212 pars
1711 1128 1893 1192 alitis
1922 1127 2068 1194 alas

588 1227 881 1294 Incestat
910 1229 1297 1324 Ganymede
1327 1251 1477 1296 suo:
1522 1231 1622 1295 sic
1653 1232 1744 1294 ire
1768 1229 2079 1294 decorum

588 1327 952 1408 certantes,
984 1332 1083 1394 sic
1113 1329 1307 1395 dulce
1336 1333 1496 1395 viris
1528 1331 1884 1413 confligere
1918 1330 2160 1397 Divos.

616 1464 625 1482 ·
676 1431 938 1495 Eminet
964 1431 1306 1498 horrificas
1335 1433 1598 1516 rapiens
1621 1439 1776 1516 post
1798 1440 1980 1514 terga
2007 1451 2271 1496 secures
2349 1469 2354 1472 -

589 1531 889 1615 Virginei
919 1533 1141 1615 regina
1170 1534 1379 1613 chori,
1408 1554 1538 1598 non
1570 1533 1846 1617 provida
1874 1532 2100 1597 cultus

2639 1529 2770 1600 590

592 1633 773 1699 Cura
792 1635 1012 1712 trahit,
1039 1654 1175 1698 non
1196 1635 1412 1700 forma
1430 1635 1650 1719 juvat,
1679 1635 1862 1699 frons
1885 1652 2149 1718 aspera,
2179 1634 2382 1698 vestis

602 1734 939 1814 Discolor,
961 1736 1416 1820 insertumque
1446 1738 1648 1802 armis
1679 1737 1996 1801 irascitur
2015 1755 2282 1800 aurum.

1575 1936 1794 2020 NOTAE

659 2087 754 2134 588
789 2083 1029 2132 fraxineo
1050 2098 1172 2132 nunc
1196 2083 1409 2132 verberat
1432 2084 1543 2134 aleia
1562 2100 1644 2148 pe·

592 2161 695 2225 plo]
717 2159 977 2208 Vexillum
1001 2157 1204 2208 fraxino
1228 2159 1493 2208 astrictum
1517 2163 1533 2188 ⁸
1555 2174 1644 2223 pe·

598 2236 739 2299 plum
754 2233 769 2256 ’
792 2240 960 2283 vocat.
998 2236 1081 2283 De
1099 2235 1263 2298 peplis
1279 2235 1501 2283 Deorum
1528 2233 1645 2282 vide

596 2310 845 2371 Scaliger.
889 2310 941 2356 in
996 2309 1167 2357 Catul.
1217 2324 1265 2373 p.
1297 2313 1379 2358 40.
1424 2315 1478 2358 et
1529 2312 1646 2359 292.

598 2383 853 2434 Loiinsem
896 2383 1101 2433 Miscel.
1141 2395 1269 2434 ιἰιι.
1316 2387 1398 2434 28.
1430 2383 1650 2434 Marcel.

603 2458 799 2509 Donat.
824 2456 1051 2510 Dilucid.
1072 2458 1123 2507 iu
1141 2457 1341 2511 Trebel.
1372 2459 1650 2509 Pollionem

532 2558 547 2569 =
600 2550 651 2599 p.
664 2535 778 2585 999.
795 2537 894 2585 ὅτε.
920 2534 1139 2597 Peplum
1158 2534 1293 2599 apud
1309 2534 1651 2584 Athenienses

599 2611 743 2662 navis
777 2610 1173 2669 Panathenaicoe
1217 2611 1387 2661 velum
1422 2616 1554 2670 erat,
1593 2616 1654 2659 ut

600 2684 960 2749 Aristophanis
1004 2685 1223 2735 Graecus
1261 2684 1519 2746 interpres
1563 2698 1654 2731 ex-

602 2762 781 2826 plicat,
834 2762 886 2809 iu
933 2761 1112 2825 Equit.
1152 2774 1203 2822 p.
1240 2762 1355 2807 322.
1410 2759 1545 2822 quod
1584 2758 1650 2807 ad

602 2837 844 2888 vexillum
886 2835 1117 2898 proxime
1162 2832 1384 2882 accedit.
1469 2833 1652 2882 Astro-

602 2913 807 2963 uomico
838 2911 1040 2960 veteris
1092 2910 1110 2937 ‘
1146 2909 1233 2957 Sol
1285 2910 1483 2958 eminus
1520 2910 1652 2966 exit.

603 2987 979 3048 Interquetque
1041 2984 1247 3045 peplum
1311 2984 1476 3032 noctis
1500 2980 1548 3033 ε’
1597 2984 1648 3033 in

606 3061 864 3109 Catalect.
889 3074 941 3120 p.
964 3062 1081 3107 241.

670 3138 767 3183 684
810 3135 953 3182 Nune
984 3136 1115 3183 sedet
1140 3134 1191 3183 in
1212 3135 1409 3197 parmis,
1452 3137 1660 3199 capitum

606 3224 729 3261 nunc.
760 3209 915 3269 surgit
948 3209 1000 3259 in
1032 3210 1183 3273 arces]
1218 3211 1404 3260 Martis
1436 3212 1656 3275 insigne,

606 3285 833 3335 auctoris
861 3296 1047 3349 nempe
1070 3288 1293 3351 generis,
1314 3288 1366 3336 in
1400 3289 1577 3347 scutis,
1599 3297 1657 3340 et

610 3360 770 3425 galeis
812 3358 1067 3411 ferebant.
1149 3364 1164 3391 ‘
1184 3360 1377 3411 Arcem
1432 3365 1623 3427 capitis
1639 3363 1666 3386 ''

609 3436 762 3496 dixit,
783 3442 843 3489 ut
859 3437 1065 3485 Lueret.
1086 3436 1101 3464 ‘
1118 3437 1311 3500 templa
1328 3439 1515 3487 mentis
1531 3439 1565 3499 ς’
1600 3446 1656 3489 et

611 3515 801 3577 Papio.
828 3514 971 3577 Sylv.
1008 3526 1071 3563 n.
1108 3522 1124 3545 ⁸
1143 3515 1281 3563 celsa
1303 3521 1359 3565 tn
1382 3518 1569 3566 mentis
1589 3518 1656 3568 ab

610 3604 729 3640 arce
752 3589 992 3651 Despicis
1014 3590 1277 3640 errantes-⁹
1326 3592 1571 3640 Manilius
1591 3592 1670 3641 de.

609 3665 844 3719 homine:
880 3660 896 3692 ⁸
916 3664 1065 3713 stetit
1088 3678 1216 3713 ainus
1240 3666 1289 3712 in
1314 3679 1481 3715 arcem
1505 3667 1661 3715 Erec-

612 3746 695 3791 tus
718 3740 941 3804 capitis)
1007 3740 1156 3788 Philo
1182 3740 1311 3789 libro
1332 3740 1404 3789 de
1426 3742 1663 3802 muniis,

611 3824 769 3880 eaput
791 3817 949 3873 etiam
980 3814 1237 3877 ἀκρόπολιν
1262 3823 1435 3876 vocat,
1471 3832 1520 3879 p.
1542 3821 1658 3868 444.

614 3892 769 3955 Apul.
792 3892 943 3955 Apol.
966 3890 983 3918 ‘
998 3891 1245 3941 verticem
1278 3891 1494 3939 hominis
1517 3894 1664 3942 velut

614 3981 784 4016 arcem
808 3974 863 4015 et
887 3964 1079 4028 regiam
1104 3963 1329 4021 insedit?
1391 3964 1662 4028 'theophy-

613 4044 779 4091 lactus
802 4042 957 4092 etlam
982 4042 1081 4105 Ep.
1104 4045 1153 4091 2.
1182 4039 1239 4089 τὸ
1259 4038 1438 4103 πύργον
1456 4042 1544 4099 τῆς
1564 4043 1662 4089 δια-

616 4115 741 4165 νοίας
762 4117 1018 4168 nominat:
1052 4124 1106 4165 et
1118 4114 1370 4179 ἀκρόπολιν
1384 4116 1465 4177 νοῦ
1498 4115 1661 4167 Isido-

619 4205 705 4243 rus
730 4191 994 4240 Pelusiota
1016 4205 1052 4240 ι.
1076 4192 1173 4255 Ep.
1193 4196 1306 4243 479.

1787 2087 1883 2134 58⁷
1917 2084 2128 2134 lacertae
2169 2080 2444 2146 Ganymede
2475 2076 2582 2142 see]
2637 2076 2770 2142 Quia

1723 2160 1995 2209 catamitus
2005 2157 2446 2218 fuitexolctusque
2457 2153 2771 2217 Jovis,quem

1724 2233 1979 2283 Martialis
2038 2230 2254 2280 Iliacum
2301 2236 2452 2279 vocat
2500 2228 2774 2278 cinaedum.

1727 2308 1930 2357 Nomen
1946 2306 2178 2356 catamiti
2195 2317 2316 2355 vero
2329 2303 2677 2364 deduxerunt,
2696 2301 2776 2350 vel

1727 2382 2055 2432 detorserunt
2097 2381 2270 2431 Latini
2323 2395 2388 2430 ex
2433 2378 2736 2443 Ganymede
2758 2394 2774 2426 ε

1728 2466 1788 2509 ut
1810 2459 2011 2522 Cocles,
2034 2458 2328 2518 Ain-uento,
2340 2456 2504 2516 Melo,
2519 2454 2777 2511 Polluces,

1728 2550 1796 2586 ex
1813 2536 2061 2599 Cyclope,
2082 2532 2450 2593 Laomedonte,
2467 2531 2606 2586 Nilo,
2624 2530 2781 2593 Poly-

1729 2611 1938 2661 deuces.
1952 2610 2086 2662 Vide
2105 2610 2312 2658 Festum
2331 2616 2386 2657 et
2401 2608 2512 2659 Jos.
2532 2608 2778 2667 Scaliger.

1731 2686 1798 2735 ad
1839 2687 2124 2734 Varronem
2169 2684 2220 2733 in
2263 2684 2553 2745 conjectan.
2587 2698 2640 2747 p.
2666 2685 2782 2736 1⁷⁵.

1733 2763 1816 2811 De
1838 2762 2138 2824 Ganymede
2161 2760 2280 2809 vide
2313 2760 2606 2823 Baptistam
2628 2758 2780 2807 Pium

1732 2836 1938 2900 Sylloge
1963 2849 2047 2884 ιιι.
2068 2840 2151 2885 98.
2217 2834 2327 2885 Jos.
2361 2834 2677 2896 Scaligerum
2712 2832 2782 2881 ad

1731 2912 2006 2961 Eusebium
2030 2927 2081 2975 p.
2102 2915 2185 2959 40.
2247 2910 2574 2972 Fulgentium
2600 2910 2652 2958 iu
2675 2908 2782 2957 Ga·

1731 2989 1966 3051 nymede.

1801 3067 1898 3112 588
1919 3063 2004 3113 Sic
2019 3064 2151 3113 dulce
2171 3064 2290 3113 viris
2313 3062 2570 3125 confligere
2604 3059 2784 3121 Divos]

1739 3137 1817 3188 Ac
1833 3139 1872 3186 si
1891 3138 1942 3188 iu
1965 3139 2198 3187 militiam
2213 3137 2532 3186 descendant
2555 3136 2790 3199 adjutum.

1737 3212 2035 3277 bellatores,
2075 3214 2230 3263 etism
2279 3214 2406 3275 picti
2447 3213 2529 3261 vel
2579 3211 2786 3261 intexti.

1738 3287 1821 3337 Ita
1843 3289 2029 3351 Papin.
2049 3288 2114 3338 de
2130 3288 2340 3353 σημασίᾳ
2359 3296 2414 3336 et
2431 3289 2598 3336 tutela
2614 3286 2712 3336 Dei
2733 3286 2788 3337 in

1734 3378 1865 3414 nave
1883 3380 1896 3414 ε
1917 3366 1934 3395 ‘
1947 3363 2158 3428 solaque
2174 3365 2316 3413 Deus
2331 3363 2415 3428 qui
2435 3364 2646 3426 navigat
2667 3364 2789 3412 alno

1737 3438 2000 3502 Pervigil:

1801 3518 1901 3563 689
1925 3515 2190 3581 Hor-rm«-
2214 3516 2404 3578 rapiens
2423 3520 2524 3578 post
2551 3519 2692 3575 terga
2711 3529 2788 3563 se·-

1738 3592 1896 3657 eures]
1924 3592 2142 3649 Decore,
2165 3606 2283 3643 nam
2301 3592 2488 3640 securis
2511 3590 2788 3639 Penthesi-

1740 3669 1836 3725 leae
1855 3668 2138 3717 inventum.
2173 3667 2312 3716 Pliu.
2335 3679 2438 3719 vn.
2458 3670 2544 3715 56.

1802 3744 2244 3805 6921122ertumque
2274 3743 2419 3791 armis
2437 3742 2675 3796 irascitur
2703 3758 2794 3791 aaa

1739 3820 1867 3883 rum]
1884 3816 2158 3877 Κακόζηλον
2171 3818 2248 3868 καὶ
2259 3818 2480 3881 ὀγκῶδες,
2495 3826 2553 3867 nt
2570 3820 2790 3870 alterum

1741 3907 1822 3943 lv.
1864 3896 1880 3923 ‘
1899 3894 2092 3956 pallere
2115 3896 2315 3944 videres
2341 3895 2469 3953 Ora,
2499 3908 2675 3959 genas,
2699 3906 2788 3939 au-

1743 3982 1957 4032 rumque
1979 3969 2145 4017 mori.’
2179 3970 2294 4020 Qus
2318 3969 2384 4017 de
2405 3984 2464 4017 re
2483 3968 2606 4021 illud
2630 3967 2794 4030 Papi-

1743 4046 1814 4093 nii
1839 4038 1904 4095 de
1926 4045 2081 4093 maris
2105 4045 2318 4095 malacia
2339 4061 2350 4089 ε
2384 4046 2398 4071 ‘
2417 4043 2620 4093 imbelli
2644 4056 2792 4091 recu-

1742 4119 1870 4169 bant
1891 4118 1978 4167 ubi
1999 4119 2173 4168 littora
2193 4116 2403 4167 somno.’
