3173 4957
754 412 1062 467 JosssPm'
1114 418 1367 469 tscAM·
1417 420 1513 467 mi
1562 422 1804 469 nmmo
1851 422 2060 473 Tuos.
2112 425 2208 473 Vl·

2465 412 2595 487 525

415 560 509 626 At
537 560 817 642 sonipes
844 561 1043 627 animi
1072 580 1206 625 non
1237 571 1632 643 argumenta
1660 566 1934 648 superbi

414 660 635 743 [ratas
664 660 858 725 iterat
886 680 1117 740 voces,
1146 680 1275 727 nou
1296 664 1569 745 pulvere
1601 672 1802 749 capto

418 759 828 843 Multiplicat
858 781 1185 844 suspensa
1212 764 1345 829 levi
1373 765 1662 847 vestigia
1690 786 1877 849 gyro,

2495 774 2598 844 -10

416 860 579 925 Non
603 862 821 929 fremit
848 863 1192 935 incertum,
1218 864 1337 929 sed
1366 872 1515 929 tota
1541 866 1950 948 immergitur
1978 869 2158 933 arvis

416 960 711 1044 Ungula,
740 964 1217 1048 summittitque
1247 967 1562 1049 equitem,
1591 968 2020 1052 aurigamque
2052 990 2334 1053 perosus

415 1061 684 1127 Avertit
712 1064 888 1129 collo
917 1065 1247 1135 venientia
1274 1066 1488 1133 fraena
1515 1067 1792 1134 reflexo.

417 1160 819 1243 Stridentem
845 1165 993 1231 litui
1022 1168 1359 1247 gemitum,
1384 1167 1732 1233 stridentia
1769 1167 2049 1233 reddunt

415 1258 467 1327 J
467 1282 626 1328 ussa
646 1267 847 1341 tubae,
869 1266 1161 1350 nullique
1185 1274 1419 1333 sonant
1442 1286 1575 1333 nou
1607 1270 1796 1334 triste
1830 1270 2174 1335 tumultus.

2517 1274 2603 1346 13

418 1362 606 1428 Talis
631 1365 699 1428 in
730 1366 1046 1431 adversas
1069 1368 1342 1433 trahitur
1364 1368 1535 1435 duce
1559 1369 1920 1435 Memnone
1944 1378 2196 1439 turmas

422 1464 679 1531 Moesta
708 1465 1041 1549 Phrygum
1069 1470 1313 1551 pubeS,
1344 1478 1636 1553 poscunt
1663 1490 1978 1548 remeare,
2015 1480 2410 1556 negantque,

419 1562 887 1651 Venturusque
916 1568 1176 1635 Hector
1200 1590 1464 1653 semper
1489 1578 1642 1655 post
1670 1577 1856 1654 terga
1887 1572 2169 1637 videtur.

416 1664 731 1743 Qualiter
754 1668 1029 1752 Hyblaei
1055 1670 1311 1740 mellita
1337 1674 1638 1755 pericula
1663 1692 1853 1756 reges

420 1767 495 1831 Si
526 1768 730 1849 signis
758 1768 961 1833 iniere
990 1768 1187 1848 datie,
1216 1773 1476 1838 labente
1504 1780 1784 1857 tyranno

417 1866 780 1945 Alterutro,
806 1869 1047 1940 viduos
1067 1870 1227 1935 dant
1252 1873 1517 1955 agmina
1546 1874 1825 1939 stridula
1849 1880 2147 1957 questuri,

420 1967 513 2030 Et
544 1969 836 2033 subitum
866 1970 981 2033 vix
1013 1977 1203 2039 nacta
1232 1971 1471 2039 ducem
1501 1974 1861 2040 metuentia
1890 1974 2152 2039 vibrant

422 2068 721 2151 Spicula,
752 2075 817 2133 et
846 2070 1101 2135 imbelli
1125 2082 1417 2139 remeant
1442 2074 1511 2137 in
1539 2073 1778 2157 praelia
1803 2082 2037 2139 rostro.

420 2225 427 2233 ,
505 2167 792 2252 Jamque
821 2169 1075 2253 Argiva
1102 2171 1417 2254 phalanx„
1454 2175 1634 2240 loetis
1649 2176 2028 2257 jactantior
2057 2175 2262 2239 armis

424 2268 791 2347 Prodierat,
818 2269 1127 2354 tollitque
1156 2272 1444 2351 animos,
1472 2276 1886 2356 celeremque
1915 2276 2320 2359 triumphum

2517 2277 2607 2343 25

424 2366 723 2433 Hectore
749 2369 1005 2452 dejecto
1036 2380 1284 2452 sperat,
1314 2373 1452 2437 dux
1480 2375 1716 2456 digerit
1743 2395 1933 2439 arma

426 2467 847 2552 Naupliades
873 2470 1010 2535 voti
1032 2489 1334 2556 compos,
1362 2481 1688 2557 curasque
1719 2475 2052 2540 timendas

427 2569 669 2648 Induit,
698 2577 765 2636 et
794 2572 954 2635 duro
981 2570 1216 2636 fruitur
1241 2574 1657 2639 miserandus
1685 2576 1958 2639 honore.

1404 2771 1459 2830 N
1464 2769 1624 2824 0⁵1·AE

428 2877 593 2928 crucis
634 2878 844 2942 insuper
883 2880 1074 2929 habito.
1153 2880 1289 2930 Item
1336 2880 1477 2943 apud

428 2950 691 3004 Sidonium
722 2954 898 3020 Apoll.
938 2956 1135 3020 Paneg.
1174 2969 1237 3007 u.
1277 2972 1329 3021 p.
1362 2959 1476 3007 301.

434 3027 751 3080 Ammiannm
775 3042 889 3080 xvr.

508 3107 573 3153 25
611 3105 730 3154 Du:
770 3106 940 3167 dirigit
979 3119 1113 3155 arma
1158 3105 1472 3169 Naupliades]

430 3180 447 3213 ί
464 3179 811 3240 Palamedes‚'
829 3181 903 3230 ait
923 3181 1122 3229 Plinius
1139 3193 1240 3229 vu.
1254 3185 1335 3229 56.
1358 3183 1373 3208 ⁸
1394 3194 1474 3228 or-

433 3255 605 3304 dinem
628 3256 904 3317 exercitus,
919 3256 1051 3317 sigui
1074 3255 1357 3316 dationem,
1373 3262 1475 3303 tos·

430 3341 587 3387 seras,
610 3329 805 3392 vigilias
830 3330 1029 3380 invenit
1054 3321 1280 3393 Trojano
1304 3328 1474 3379 bello-⁹

432 3405 605 3468 Longe
626 3406 777 3468 plura
798 3405 1017 3468 Gorgias
1040 3405 1091 3453 in
1110 3404 1357 3455 Oratione
1382 3419 1475 3468 pro

432 3475 710 3528 Palamede
730 3494 779 3543 p.
797 3483 906 3529 191.
944 3479 1025 3530 De
1047 3479 1225 3530 eadem
1248 3493 1307 3530 re
1330 3481 1477 3530 Euri-

428 3554 577 3617 pides
595 3555 643 3602 iu
662 3549 1012 3616 Iphigenia.'in
1030 3555 1325 3606 Palamede.
1347 3555 1477 3606 Tes-

428 3642 660 3678 serarnm
692 3628 867 3678 ludum
900 3626 1065 3680 eidem
1099 3629 1352 3680 inventori
1386 3633 1477 3680 tri·

431 3703 548 3755 buit
580 3703 915 3755 Philostratus
946 3707 1001 3755 iu
1037 3706 1290 3769 Her-olcis,
1324 3705 1477 3757 Nazi-

426 3791 661 3828 anzenus
683 3779 958 3842 invectiva,
982 3793 1065 3834 ut.
1086 3797 1137 3845 p.
1159 3785 1273 3830 991.
1340 3781 1478 3832 Pau·

432 3853 603 3903 sanias
625 3854 677 3902 in
701 3853 971 3918 Argolicis.
1015 3856 1148 3906 Vide
1165 3855 1410 3920 Scaliger.
1424 3857 1476 3905 in

428 3930 610 3980 Manil.
632 3945 685 3994 p.
700 3935 781 3980 69.
802 3933 916 3982 81⁰.
970 3931 1207 3996 Inprimis
1230 3933 1478 3996 insignem

435 4009 643 4073 Gorgiae
684 4009 986 4060 Orationem
1031 4024 1124 4073 pro
1166 4009 1477 4059 Palamede:
1510 4039 1515 4042 -

433 4098 585 4147 quem
600 4083 891 4140 Alcidamas
905 4085 1163 4134 contraria
1182 4093 1406 4148 accusat,
1422 4092 1479 4134 et

436 4159 755 4208 inventorum
787 4161 1067 4210 novitatem
1102 4159 1153 4210 in
1184 4161 1310 4209 alios
1341 4159 1476 4210 deri-

438 4240 545 4295 vat,
569 4248 619 4296 p.
646 4237 755 4285 184.
780 4237 879 4285 &c-

1620 2884 1686 2930 28
1707 2883 1772 2930 Et
1785 2881 2097 2940 damst-uitur
2111 2878 2404 2931 miserandas
2416 2881 2610 2946 honore]

1552 2955 1642 3005 'Ita
1665 2956 1916 3020 Papinius
1937 2957 2002 3005 de
2026 2955 2252 3006 Adrasto
2271 2971 2396 3008 vm.
2428 2959 2444 2986 ⁶
2465 2959 2608 3026 cogit

1556 3032 1848 3082 miseranda
1873 3039 2106 3096 potestas
2126 3032 2407 3096 Invigilat-e
2424 3033 2608 3084 malis!

1557 3105 1694 3155 Vide
1717 3108 2133 3170 chrysostomum
2163 3107 2350 3170 insigni
2375 3109 2608 3158 Humilia

1552 3180 1607 3228 in
1649 3183 1977 3241 Martinianum,
2031 3195 2141 3232 xm.
2184 3185 2297 3232 385.
2373 3184 2608 3237 Tiberius

1554 3254 1692 3316 apud
1709 3255 1925 3304 Sueton.
1945 3256 2180 3319 increpat
2199 3258 2387 3306 amicos
2407 3259 2607 3320 ignaros

1554 3343 1688 3393 quan
1722 3329 1949 3377 tabellua
1972 3337 2108 3378 esset
2137 3330 2435 3393 imperiumz
2471 3331 2606 3380 unde

1556 3404 1712 3466 idern,
1732 3401 1946 3464 ἂκκίζων,
1989 3418 2257 3454 onerosam
2285 3406 2606 3456 servitutem

1558 3477 1856 3527 nominavit.
1929 3476 2174 3540 Antigoni
2194 3479 2318 3527 illud
2342 3479 2408 3528 de
2429 3480 2606 3529 diade·

1554 3561 1692 3603 mate
1715 3554 1812 3603 huc
1833 3559 2061 3616 spectat,
2095 3553 2231 3616 quod
2255 3561 2337 3604 est
2358 3555 2494 3619 apud
2516 3556 2606 3604 Se·

1554 3641 1752 3686 nectum,
1765 3635 2006 3691 tanquam
2027 3627 2110 3676 vili
2131 3642 2299 3691 panno
2317 3635 2371 3678 et
2390 3644 2490 3679 non
2511 3632 2605 3680 tol-

1553 3705 1729 3754 lendo.
1794 3704 2048 3767 Vopiscus
2082 3704 2356 3755 Saturnino
2387 3711 2606 3770 tyranno

1554 3779 1666 3829 htec
1690 3778 1949 3842 assignat:
1985 3782 2002 3830 ⁶.
2023 3777 2270 3835 Nescitis,
2292 3780 2461 3836 amici,
2483 3781 2604 3845 quid

1560 3855 1677 3904 mali
1697 3855 1762 3904 sit
1782 3854 2054 3917 imperare.
2088 3853 2264 3904 Gladii
2287 3860 2340 3903 et
2365 3856 2468 3904 tela
2490 3870 2607 3906 nos·

1556 3933 1653 3980 tris
1674 3929 1961 3980 cervicibus
1985 3929 2306 3993 impendent:
2342 3930 2609 3980 imminent
2658 3957 2676 3966 ·

1558 4005 1724 4055 liastae
1750 4004 1995 4070 undique,
2019 4005 2242 4070 undique
2266 4006 2485 4070 spicula,
2507 4007 2606 4069 ipsi

1560 4079 1801 4130 custodes
1820 4080 2080 4136 timentur,
2097 4080 2193 4142 ipsi
2210 4081 2420 4129 comites
2437 4079 2607 4130 sormi-

1556 4157 1765 4218 dantur‚
1788 4169 1889 4204 nou
1910 4155 2056 4204 cibus
2081 4169 2174 4218 pro
2199 4157 2482 4219 voluptate,
2503 4171 2604 4206 nou

1556 4233 1660 4284 iter
1675 4245 1772 4297 pro
1791 4230 2238 4294 auct·oritate,.uon
2257 4231 2391 4282 bella
2409 4247 2503 4297 pro
2518 4233 2602 4295 ju-
