3173 4957
972 385 1067 433 DE
1115 384 1352 431 BEbe
1400 384 1740 432 TRoJANo
1792 386 1932 434 mn.
1982 390 2053 436 V.

420 527 695 593 Dextris
722 526 901 591 bella
929 527 1151 592 datis:
1198 533 1269 591 at
1296 527 1551 592 foedera
1582 528 1870 593 Martius
1900 530 2154 597 Hector

417 628 719 704 Incusat,
750 628 1080 711 pacisque
1106 648 1349 705 moras,
1384 628 1750 712 fractisque
1777 632 2124 696 novandas

417 727 760 792 Inachidis
785 732 975 793 tanto
1004 729 1343 812 conjectat
1372 735 1678 810 tempore
1707 730 1908 794 vires.

504 829 843 893 Incutiunt
870 831 1037 895 alias
1067 831 1327 895 cunctis
1344 830 1513 901 ¹belli
1540 831 1680 894 otia
1700 850 1937 896 curas:

420 928 521 993 Hi
546 930 772 1007 muris,
794 930 897 993 illi
926 930 1190 1006 castris,
1214 931 1479 1013 utrique
1506 934 1836 1015 sepulcris

420 1030 815 1112 Invigilant:
862 1032 981 1097 vix
1009 1031 1175 1097 flore
1210 1034 1422 1096 solum
1452 1032 1802 1099 laxaverat
1827 1042 2028 1101 aestas

418 1131 686 1196 Tertia:
731 1132 994 1198 desueti
1015 1131 1251 1199 rabida
1276 1134 1344 1195 in
1368 1132 1756 1199 discrimina
1785 1136 2008 1219 campi

421 1231 786 1298 Prosiliunt
812 1234 965 1299 hinc
993 1233 1151 1297 inde
1179 1233 1429 1298 duces:
1476 1242 1648 1300 rotat
1666 1235 1908 1301 efferus
1929 1256 2154 1301 ensem

424 1334 701 1411 Hector,
732 1342 800 1398 et
831 1337 1137 1417 ingentes
1166 1336 1430 1401 animos
1456 1336 1719 1402 fortuna
1747 1340 2096 1417 ministrat,

425 1434 790 1516 Supremos
824 1436 1177 1519 speculata
1205 1436 1372 1515 dieS,
1400 1438 1759 1523 obitusque
1791 1440 2074 1505 decoros

425 1532 654 1600 Factis
684 1536 975 1601 illustrat
1003 1537 1393 1619 insignibus,
1482 1536 1826 1623 Antiphus
1854 1548 2028 1618 ante,

421 1634 592 1699 Post
624 1636 925 1701 Philibus
957 1636 1255 1703 clausere
1288 1639 1542 1703 virum=
1586 1641 1867 1705 libratur
1887 1644 2152 1726 ⁴utrique

424 1734 778 1815 FraxinuS,
806 1743 871 1801 et
901 1738 1193 1803 medium
1225 1741 1644 1824 suspendunt
1671 1743 2018 1808 Hectora:
2059 1749 2130 1807 at
2158 1743 2272 1807 ille

422 1834 786 1919 Obliquam
813 1857 1139 1903 revocans
1162 1839 1450 1916 hastam,
1476 1842 1577 1904 sic
1606 1843 1868 1927 excipit
1893 1845 2149 1920 ambo&

421 1936 683 2017 Lugeat
711 1943 782 2002 ut
808 1939 1059 2019 primus
1089 1940 1345 2015 oculos,
1375 1942 1851 2025 cerebrumque
1881 1943 2238 2008 secundus.

421 2036 852 2121 Euphorbum
874 2040 1111 2122 premit
1136 2040 1477 2121 AEacides,
1510 2042 1798 2126 dumque
1823 2044 1932 2109 ille
1959 2044 2272 2109 recedens

424 2138 695 2203 I-Iastile
723 2140 1061 2204 incussum
1086 2141 1327 2206 dextra
1358 2143 1698 2207 obnitente
1725 2144 2042 2221 retardat,

424 2240 505 2304 In
534 2241 789 2304 turbam
821 2240 1109 2319 offendit,
1142 2238 1536 2326 sociumque
1558 2244 1878 2327 Lycaona
1907 2264 2218 2329 praeceps

426 2340 706 2405 Obruit:
749 2340 1114 2424 insequitur
1140 2343 1383 2418 victor,
1414 2343 1872 2426 prolapsaque
1901 2346 2140 2411 transit

425 2442 728 2521 Pectora,
758 2448 1103 2507 consortes
1128 2443 1393 2508 mittens
1426 2444 1510 2506 ad
1538 2443 1824 2509 Tartara
1853 2463 2102 2510 manes.

508 2542 775 2608 Troilus
805 2542 1043 2608 Ideam
1066 2545 1336 2626 rapiens
1364 2564 1481 2628 per
1508 2545 1744 2626 praelia
1767 2546 2032 2610 clavam

428 2643 894 2727 Myrmidonas
922 2653 1186 2728 septem
1215 2647 1365 2710 solo
1394 2647 1724 2710 consumit
1750 2646 1820 2709 in
1848 2645 2006 2722 ictu,

425 2743 652 2829 Atque
684 2746 853 2810 alios
876 2751 1153 2828 septem,
1185 2747 1245 2809 si
1270 2752 1533 2830 septem
1559 2747 1734 2811 forte
1764 2745 2069 2822 fuissent,

428 2846 888 2911 Proturbasset
916 2865 1144 2929 agenS,
1176 2849 1537 2932 ipsumque
1566 2849 1838 2914 ardebat
1864 2846 2203 2912 Achillem

430 2947 626 3012 Ferre
655 2967 887 3012 manus
916 2956 1185 3014 contra:
1233 2950 1353 3014 sed
1387 2956 1491 3015 tot
1519 2958 1804 3014 centena
1831 2949 2184 3015 cadentum

1406 3132 1453 3184 N
1462 3132 1619 3182 01*AE

2468 378 2598 441 517

2465 534 2597 601 395

2469 1042 2602 1105 400

2467 1544 2600 1608 405

2473 2044 2604 2108 410

2473 2545 2604 2609 415

426 3228 521 3289 ait,
559 3232 574 3256 ‘
596 3240 796 3278 omnem
820 3227 1064 3290 majorem
1082 3227 1321 3277 honorem
1344 3227 1472 3276 dex·
1614 3231 1712 3278 4⁰4
1746 3226 1996 3290 stuprum
2017 3227 2254 3288 mndata
2285 3227 2402 3283 diss,
2423 3227 2604 3292 οὸίω]

428 3312 655 3355 terarum
677 3303 966 3354 constitisse
990 3303 1201 3365 virtute,
1220 3303 1290 3354 ob
1319 3317 1471 3368 quam
1551 3302 1720 3354 Plane
1749 3301 1876 3352 illud
1917 3317 1982 3350 ex
2021 3309 2135 3352 arte
2165 3301 2483 3351 Poetarum:
2515 3316 2606 3352 ex·

427 3393 535 3430 rem
556 3394 613 3430 se
641 3379 695 3430 in
718 3378 1109 3430 salutationibus
1130 3379 1227 3429 hae
1262 3393 1471 3430 venera·
1553 3377 1725 3440 empla
1742 3375 1880 3438 apud
1907 3375 2214 3437 Homerum,
2232 3375 2530 3438 Virgilium,
2549 3383 2608 3425 et

426 3456 614 3508 bantur
654 3455 886 3521 corporis
919 3454 1104 3518 parte.’
1182 3454 1321 3506 Vide
1362 3455 1473 3504 Rit-
1555 3451 1832 3516 Papiniani
1863 3449 2134 3501 manifesta
2157 3467 2174 3501 ι
2226 3451 2522 3502 observavit
2552 3451 2608 3500 id

429 3533 737 3586 tershusium
757 3530 823 3580 ad
842 3531 1166 3582 Guntlierum
1183 3535 1399 3581 vin-58.
1418 3539 1477 3580 et
1555 3541 1768 3592 magnus
1805 3526 2038 3590 Scaliger
2073 3527 2128 3576 in
2161 3526 2339 3576 divina
2354 3539 2452 3576 sua
2470 3526 2608 3576 Poe.

428 3610 631 3672 prolixe
652 3607 719 3657 de
739 3607 835 3656 hoc
850 3619 993 3658 more
1007 3607 1291 3658 Meus-sium
1310 3607 1474 3656 Exer·
1556 3605 1680 3655 tica.

428 3685 579 3734 citat.
618 3682 803 3732 critic.
825 3695 887 3732 u.
912 3686 995 3732 1⁴.
1016 3696 1071 3746 p.
1093 3686 1177 3732 ⁵⁷.
1619 3683 1718 3730 416
1758 3679 2086 3746 Myrmidonas
2118 3683 2294 3743 septem
2312 3680 2410 3728 saio
2444 3691 2612 3728 eonsu-

496 3759 593 3807 402
627 3755 965 3820 Μῄονας
976 3756 1349 3822 annulletur]
1359 3757 1477 3807 Vir·
1554 3758 1648 3806 nit
1659 3757 1712 3806 in
1731 3758 1848 3818 ictu,
1864 3758 2018 3821 Aeque
2031 3756 2154 3806 alios
2162 3756 2415 3819 nepte-,si
2433 3761 2618 3820 sepem

428 3834 519 3898 gil.
544 3846 601 3884 x.
652 3827 918 3883 ‘strictum
942 3840 1077 3883 rotat
1098 3834 1477 3897 acer-Lucagus
1544 3831 1682 3898 forts
1697 3831 1934 3895 fuissent]
1963 3832 2048 3882 ‘ns
2064 3829 2320 3895 μύρμηκας.
2384 3829 2612 3882 Juvena-

430 3907 646 3971 eusem‚’
659 3920 737 3957 ιι.
772 3906 789 3932 ⁴
808 3906 968 3955 instat
982 3920 1081 3963 uon
1098 3908 1303 3969 segnius
1326 3916 1382 3958 et
1400 3922 1479 3958 ro-
1558 3909 1625 3960 lis
1646 3916 1726 3958 est
1745 3907 1964 3959 imitatio
1981 3925 1995 3958 ε
2031 3907 2047 3936 ‘
2063 3909 2208 3958 Tune
2227 3907 2355 3956 duos
2373 3919 2493 3969 uua,
2515 3921 2608 3956 ει·

434 3992 511 4039 tm
533 3997 709 4036 ensem
727 3981 1080 4034 Fulmineum?
1146 3983 1479 4035 Lucamvm.
1561 3984 1772 4035 tissima
1803 3985 2002 4048 vipera,
2035 3985 2221 4033 coena?
2257 3983 2407 4032 Tune
2441 3983 2612 4032 duos?

432 4059 451 4085 ‘
470 4059 691 4107 nondum
723 4058 848 4107 artis
877 4063 993 4106 erat
1033 4064 1191 4121 caput
1234 4070 1359 4110 ense
1402 4074 1483 4110 ro-
1561 4067 1786 4124 septem,
1807 4061 1851 4110 si
1871 4066 2072 4123 septem
2094 4058 2229 4110 forte
2245 4057 2498 4109 fuisseutss

435 4131 583 4192 tare!
646 4133 799 4186 Silius
836 4147 913 4184 iv.
945 4135 960 4162 ‘
978 4131 1351 4198 adversumque
1372 4135 1481 4186 viro
1624 4141 1723 4187 ⁴10
1755 4137 1856 4188 Sed
1891 4143 1965 4187 aot
1985 4142 2189 4188 centena
2223 4139 2472 4206 cadentum
2491 4136 2612 4186 Mil·

435 4217 573 4259 rotat
594 4209 772 4260 obvius
794 4208 999 4259 ensem?
1560 4212 1649 4276 lis]
1679 4213 1816 4268 Vide
1835 4217 1950 4264 881.
