3173 4957
637 415 770 479 374

1427 419 1736 470 Josm’m
1787 417 2039 465 lscAm

647 571 904 634 Ornatu
934 569 1244 630 contenta
1281 561 1449 638 rudi,
1477 561 1631 644 plus
1658 561 1915 635 robore,
1960 557 2143 621 cultu

648 671 813 734 Fisa
841 669 1083 744 minuS,
1108 665 1342 748 paucis
1371 663 1535 726 exul
1567 660 1941 744 peregrinat
1970 660 2037 721 in
2070 659 2291 722 armis,

647 771 963 836 Nondum
995 786 1179 833 saeva
1211 766 1396 830 Deos
1427 770 1632 846 ponto
1660 761 1993 845 objectare
2020 765 2333 823 natantes

2740 756 2831 818 75

647 873 939 954 Religio,
968 890 1098 933 non
1127 867 1313 930 fluxa
1341 867 1484 929 sinu
1509 872 1806 928 tumuere
1835 861 2135 926 secundo

647 973 981 1037 Carbasa:
1025 969 1299 1034 delicias
1329 967 1448 1031 dat
1472 964 1831 1028 fastiditior
1856 981 2049 1038 usna,
2340 1035 2343 1040 ¹

647 1073 1080 1156 Exornatque
1113 1089 1302 1134 suum
1335 1067 1597 1131 novitas
1628 1083 1909 1148 operosa
1938 1060 2285 1145 periclum.

627 1175 875 1244 Prima
903 1175 1168 1258 inopem
1196 1175 1394 1256 pinus
1427 1170 1676 1236 cultum
1709 1186 1845 1250 quo
1874 1166 2095 1228 stabat
2126 1164 2193 1228 in
2232 1162 2475 1226 Haemo

1564 1380 1743 1400 000000

715 1519 780 1565 ⁷6
818 1515 1029 1564 Recurro
1053 1514 1155 1562 Ms.
1181 1528 1341 1576 marg.

1746 1377 1920 1396 ““““

1638 1656 1849 1704 NOTAE

648 1773 745 1821 nisi
771 1773 835 1822 ad
861 1772 1002 1820 Brali
1025 1771 1161 1819 illius
1185 1768 1465 1819 fabulosam
1497 1769 1701 1830 naviga-

649 1851 838 1897 tionem
861 1845 1208 1896 divertamus?
1242 1860 1392 1909 qiiam
1417 1859 1512 1893 nec
1537 1845 1699 1909 ipsam

646 1923 942 1986 indignatus
964 1931 1062 1983 est,
1099 1922 1140 1970 si
1173 1921 1252 1969 vel
1289 1930 1579 1981 commento
1612 1935 1702 1983 po·

647 2012 845 2047 namus.
895 1996 1028 2044 Vide
1067 1996 1222 2044 etiam
1259 1995 1613 2045 cambdenum
1650 1995 1702 2043 in

647 2069 919 2122 Britannia
941 2073 1052 2118 18⁷.

712 2150 778 2194 ⁷4
800 2145 982 2194 Paucis
1001 2146 1113 2194 exul
1141 2147 1416 2208 peregrinat
1448 2146 1502 2194 in
1536 2144 1709 2208 armis]

649 2221 989 2284 Peregrinum
1021 2229 1074 2270 et
1113 2221 1207 2270 hoc
1247 2222 1452 2269 videtur
1475 2237 1504 2269 a
1525 2223 1707 2284 lingua

655 2297 866 2347 Latina:
903 2300 972 2344 ita
997 2294 1132 2346 infra
1151 2299 1266 2344 238.
1291 2297 1306 2324 4
1325 2295 1534 2345 blandos
1560 2310 1707 2359 pere·

649 2373 821 2436 gri-nat
845 2373 894 2420 iu
920 2370 1076 2428 usus‚'
1095 2375 1210 2421 526.
1235 2370 1252 2398 ‘
1277 2371 1377 2419 alio
1412 2372 1709 2435 peregrinat

649 2447 713 2498 ab
739 2446 862 2497 orbe
883 2447 914 2493 :’
935 2445 1166 2511 ἂρχαΐζει,
1189 2455 1246 2497 ut
1277 2449 1438 2497 multa
1460 2448 1596 2512 apud
1622 2459 1711 2497 ve*

641 2531 804 2586 teres.
858 2525 1043 2588 Varro,
1087 2527 1102 2554 4
1121 2524 1473 2587 discedimus,'
1490 2541 1584 2590 pro
1607 2526 1709 2575 dis-

649 2601 914 2663 cessimus,
956 2601 973 2628 ‘
1001 2599 1392 2663 contemplare,’
1424 2604 1439 2631 4
1469 2600 1711 2660 imitare:

647 2678 903 2729 ‘mirare.'
935 2679 1188 2735 Tibullus,
1225 2681 1242 2708 4
1263 2679 1576 2742 atteruisse,’
1614 2695 1709 2743 pro

649 2756 932 2805 attrivisse.
986 2756 1196 2805 Sallust.
1228 2754 1609 2819 ‘Occauuere‚'
1646 2756 1711 2805 ab

650 2832 879 2881 Oceano.
931 2830 1150 2879 Plautus
1183 2830 1254 2879 ita
1297 2831 1526 2891 ‘lactat‚'
1572 2832 1711 2880 ‘am-

650 2904 885 2969 plector’
917 2908 1198 2963 παθητικῶς,
1233 2913 1292 2955 ut
1323 2914 1379 2955 et
1419 2908 1712 2956 Petronius.

612 3010 622 3021 ·
654 2983 860 3032 Lueret.
883 2984 897 3010 4
914 2982 1107 3031 minat?
1122 2981 1360 3039 Ovidius,
1382 2989 1397 3013 4
1413 2982 1595 3032 funera
1612 2999 1709 3033 non

655 3058 824 3121 potuit
858 3058 1124 3119 comitare,
1153 3072 1250 3107 nec
1275 3073 1470 3121 ungere
1505 3075 1710 3122 corpus,

651 3134 730 3183 'l'e
755 3134 878 3182 nihil
902 3133 1118 3183 exacto.’
1194 3133 1362 3198 Idem,
1397 3136 1488 3185 ‘et
1517 3137 1603 3201 qui
1626 3152 1711 3186 oo-

655 3210 856 3258 mitavit
890 3208 1154 3259 Oresten!
1211 3210 1294 3259 Ita
1316 3212 1558 3275 Propert.
1588 3213 1709 3262 item

654 3286 671 3313 ‘
695 3284 944 3334 ominatz’
993 3286 1141 3348 virg.
1187 3287 1448 3337 ‘unitritor
1490 3288 1711 3339 olivam.’

649 3362 664 3388 ‘
686 3359 858 3409 fontes
878 3360 1162 3409 avertitur-³
1196 3361 1388 3413 Arnob.
1414 3370 1426 3392 4
1441 3380 1506 3414 ex
1523 3366 1712 3414 acumi-

654 3436 803 3485 nibus
840 3436 1153 3499 auspicatis.'
1214 3438 1427 3487 Verrius
1459 3440 1711 3489 Flaccus:

654 3513 670 3539 4
689 3508 1010 3571 Abominor‚’
1037 3526 1169 3573 pass.
1225 3511 1471 3576 Propert.
1505 3514 1613 3562 ‘sie
1628 3515 1713 3576 ju-

656 3588 771 3635 veni
798 3587 978 3650 grata‚’
1001 3587 1136 3650 quod
1157 3588 1349 3652 scalig.
1371 3597 1468 3651 est,
1489 3598 1715 3651 gratare.

655 3662 742 3711 lta
785 3662 1084 3722 ‘cremaut,’
1124 3669 1138 3691 ‘
1163 3662 1396 3723 mutaut‚’
1439 3663 1717 3719 ‘vertunt,’

657 3736 673 3764 ‘
689 3752 826 3787 mare
849 3737 1060 3800 turbat,'
1082 3742 1096 3765 4
1112 3737 1342 3798 excitat,'
1366 3754 1460 3801 pro
1481 3739 1716 3803 passivis,

657 3822 712 3862 et
729 3821 977 3862 sexcenta
990 3815 1107 3868 alia,
1128 3828 1339 3876 quorum
1359 3815 1554 3877 sylvam
1575 3814 1715 3863 vide-

656 3888 727 3937 sis
752 3890 887 3950 apud
911 3890 1234 3939 Priscianum
1259 3903 1378 3939 vni.
1401 3890 1467 3938 de
1493 3905 1715 3940 commu-

657 3966 827 4027 nibus,
865 3967 1093 4015 Noninm
1127 3966 1190 4013 de
1222 3967 1492 4016 contrariis
1517 3968 1716 4030 generi-

660 4040 756 4089 bus
804 4042 1088 4099 verborum,
1132 4042 1360 4105 prolixe:
1403 4044 1526 4091 item
1568 4042 1716 4093 Gifa·

660 4116 799 4165 nium
839 4117 889 4164 iu
926 4118 1134 4167 Lueret.
1171 4119 1350 4167 Iudice
1382 4119 1584 4181 passim.
1624 4120 1709 4169 Iu-

662 4191 838 4254 primis
883 4192 1071 4255 Scalig.
1108 4194 1172 4242 ad
1209 4194 1524 4243 Triumviros
1557 4194 1713 4243 Amo·

661 4281 790 4325 rum,
807 4275 860 4318 et
879 4268 1161 4319 Heraldum
1179 4270 1242 4320 ad
1261 4272 1520 4321 Martialis
1539 4286 1619 4321 ιν.
1636 4276 1719 4321 90.

1841 1773 1903 1816 75
1936 1768 2153 1816 Nondum
2170 1778 2293 1812 saevu
2311 1764 2439 1810 Deos
2445 1765 2589 1824 ponto
2604 1761 2835 1822 afflectare

1779 1849 1997 1894 natantes
2032 1841 2243 1903 Religio]
2292 1840 2492 1888 Morem
2534 1838 2828 1886 tutelarium

1780 1923 2030 1982 Deorum,
2044 1919 2152 1966 sive
2175 1912 2505 1975 ἐπισημασίας,
2518 1914 2739 1962 noudum
2758 1911 2834 1961 i'n-

1784 1998 1998 2048 valuisse
2023 1997 2114 2060 ait,
2133 1997 2200 2045 de
2221 2009 2321 2058 quo
2342 2009 2430 2044 ιιι.
2453 1997 2564 2042 174.
2587 1994 2756 2056 plura.

1843 2077 1905 2122 77
1930 2072 2140 2122 Delicias
2160 2070 2529 2131 datfastiditior
2548 2069 2681 2132 usus]
2713 2067 2836 2117 vid.

1782 2161 1866 2197 nr.
1888 2151 2002 2198 16⁷.
2056 2147 2221 2210 Copia
2240 2147 2390 2195 solvit
2413 2146 2465 2195 in
2494 2159 2755 2203 nariseam,
2778 2146 2839 2192 et

1781 2223 2076 2287 frequentia
2104 2223 2360 2273 sentiendi
2386 2223 2522 2272 tollit
2546 2221 2839 2269 admiratio-

1784 2315 1922 2360 nem,
1939 2309 1995 2349 ut
2013 2301 2199 2349 raritas
2214 2307 2368 2362 auget
2385 2298 2629 2362 precium.
2652 2295 2839 2346 Claud.

1784 2375 1850 2424 de
1875 2376 2089 2438 Eutrop.
2110 2389 2148 2424 1.
2174 2379 2191 2404 4
2213 2390 2327 2423 cum
2350 2373 2611 2424 fastiditus
2636 2370 2841 2421 abiret.'

1782 2451 1905 2503 Seu.
1930 2451 1995 2501 de
2021 2451 2205 2501 brevit.
2230 2453 2371 2512 vitae,
2402 2457 2417 2480 ‘
2439 2458 2553 2515 post
2575 2449 2839 2499 fastiditos

1784 2526 2040 2575 honores:
2079 2526 2238 2576 Ovid.
2269 2540 2329 2575 ιι.
2364 2526 2429 2574 de
2464 2525 2675 2573 Remed.
2730 2526 2745 2551 4
2768 2525 2841 2573 Et

1788 2602 2023 2653 fastidita
2045 2616 2145 2650 non
2170 2602 2299 2651 libet
2316 2616 2427 2650 esse
2450 2598 2631 2648 domo!
2673 2601 2690 2628 4
2719 2600 2842 2647 Fas·

1789 2679 1942 2728 tidito
1953 2680 2069 2741 jure
2094 2675 2284 2740 potiri.’
2326 2675 2510 2725 Manil.
2544 2688 2620 2723 iv.
2648 2674 2843 2725 Auson.

1790 2756 1805 2782 4
1831 2753 2067 2803 fastidita
2123 2750 2379 2811 Phaoni-*J
2431 2750 2568 2814 quod
2617 2751 2843 2799 vinetus

1791 2838 1973 2880 eontra
1993 2830 2159 2892 legem
2185 2827 2437 2891 pedariam
2464 2826 2513 2874 iu
2540 2830 2555 2853 4
2577 2824 2843 2876 fastidiata

1785 2904 1985 2955 wei-tit!
2023 2904 2185 2952 Varro
2208 2904 2365 2952 etiam
2389 2903 2406 2930 4
2432 2901 2764 2961 fastidiliter,’
2788 2904 2842 2953 in

1793 2983 1996 3045 Satyra,
2013 2980 2139 3029 Cras
2161 2978 2335 3029 eredo.
2355 2996 2359 3003 ·
2392 2978 2471 3027 Ad
2495 2979 2629 3027 illam
2656 2978 2843 3029 faciem

1794 3054 2125 3106 ‘fastiditius’
2158 3054 2365 3116 flexum,
2382 3063 2439 3103 ut
2462 3055 2664 3105 Seneca
2686 3058 2700 3084 4
2725 3069 2846 3105 cait-

1794 3133 1989 3190 satius‚’
2012 3134 2029 3161 ‘
2046 3130 2307 3193 curatius,’
2320 3140 2377 3181 ut
2396 3131 2591 3180 Plinius
2607 3131 2657 3180 in
2675 3132 2844 3196 Epist.

1793 3215 2001 3259 uns-15.
2026 3208 2399 3259 ‘custoditins.’

1857 3289 1923 3334 ⁷9
1940 3286 2132 3347 Inopem
2144 3284 2285 3347 pinus
2302 3286 2499 3348 callum,
2516 3300 2605 3347 quo
2624 3284 2781 3333 stabat
2794 3286 2847 3333 in

1795 3359 1988 3421 Hoemo]
2022 3360 2205 3407 Pinum
2238 3374 2353 3407 eum
2386 3358 2622 3409 omuibus
2655 3360 2845 3408 veteri-

1798 3436 1890 3484 bus
1924 3434 2043 3483 navi
2075 3434 2315 3496 assignat.
2362 3435 2503 3497 virg.
2544 3437 2560 3463 4
2586 3434 2714 3483 utile
2751 3435 2853 3497 lig-

1795 3524 1915 3559 num
1954 3510 2186 3573 Navigiis
2221 3510 2403 3572 pinos!
2461 3511 2657 3560 Malum
2691 3510 2847 3559 etiam

1796 3589 1969 3651 pinum
2004 3585 2165 3637 fuisse
2194 3588 2555 3637 Taubmanuus
2592 3590 2641 3636 in
2666 3587 2847 3636 Culice

1798 3662 2097 3723 contendit;
2129 3661 2338 3725 frustra,
2372 3678 2487 3712 cum
2520 3678 2695 3713 omnes
2734 3662 2845 3711 fere

1796 3752 2036 3804 quercum
2060 3739 2334 3789 Chaoniam
2358 3740 2637 3789 nominent.
2675 3738 2849 3801 Apoll.

1798 3830 1838 3866 1.
1860 3814 2055 3879 ‘fagum
2078 3815 2430 3867 Dodouaeam.’
2482 3817 2850 3865 Philostratus.

1796 3892 2117 3955 Lycophron,
2129 3890 2429 3954 Apollonius
2442 3892 2705 3953 Claudius,
2715 3894 2729 3916 ‘
2744 3905 2852 3939 rur-

1792 3981 1981 4030 susque
2004 3968 2193 4015 loeutae
2226 3967 2289 4014 Iu
2326 3974 2377 4015 te
2408 3966 2649 4015 Chaonia‘
2676 3980 2849 4014 move-

1799 4050 1917 4092 runt
1962 4042 2189 4091 carmina
2228 4042 2483 4104 quercus.'
2548 4040 2699 4092 Unde
2746 4042 2850 4091 Or-

1794 4119 1970 4181 pheus,
2008 4117 2215 4165 εὕλαλον
2248 4116 2413 4177 Ἀργὼ.
2479 4116 2748 4175 palmulae,
2792 4124 2853 4166 ut

1796 4193 1971 4242 Catul.
1990 4192 2120 4254 vult,
2142 4194 2159 4221 4
2180 4189 2449 4253 abiegnae.'
2500 4192 2656 4240 Facta
2678 4197 2851 4239 autem

1794 4270 1844 4319 in
1868 4269 2139 4334 Magnesia
2174 4270 2340 4329 navis,
2366 4269 2519 4332 juxta
2542 4268 2858 4328 I'indaruu1;
2950 4276 2965 4287 “
