3173 4957
633 369 764 438 542

1415 384 1723 434 sostu’m
1774 383 2026 462 ΙξΟΑΝῙ

719 531 996 612 Legerat
1023 529 1091 593 in
1120 527 1406 592 tumulos
1439 525 1836 592 Nabathaeae
1868 528 2107 592 messis
2130 525 2367 594 odores

635 631 1019 694 Ambitiosa
1046 645 1309 711 parone,
1339 635 1631 710 natoque
1662 628 1979 712 suprema
2004 632 2290 713 parabat

625 729 937 794 Funera:
984 747 1143 794 mox
1171 729 1511 792 volucrum
1539 729 2014 794 famulantibus
2042 732 2259 796 astitit
2288 732 2417 796 alis

2678 631 2816 695 380

631 831 978 913 Exequias
1003 831 1256 894 factura
1286 829 1609 912 phalanx,
1642 831 1796 894 avis
1820 831 2021 895 unica
2048 832 2367 910 Phoenix,

629 931 722 994 Et
751 930 1013 1011 Progne
1042 949 1170 993 non
1198 948 1333 994 una
1355 931 1560 1006 venit,
1592 935 1790 995 cavat
1820 931 2017 995 ardea
2044 941 2263 997 rostro

628 1031 1074 1102 Marmoreum
1100 1030 1366 1096 fossore
1393 1032 1638 1110 solum,
1668 1033 1951 1097 luscinia
1975 1034 2229 1117 planat,

1606 1227 1817 1280 NOTAE

623 1357 733 1408 Dio
767 1355 1149 1419 chrysostomus
1179 1355 1406 1405 nominat
1438 1356 1492 1404 in
1527 1355 1678 1407 Orat.

1755 1358 1951 1420 impuro
2006 1357 2167 1421 Mago
2210 1357 2451 1422 imputat.
2518 1357 2804 1408 Pausanias

625 1433 695 1481 de
712 1431 868 1493 Troja
890 1443 1143 1493 nunqnam
1167 1444 1360 1480 eversa.
1416 1432 1675 1482 Pindarus
1754 1435 1906 1482 etiam
1940 1435 1992 1483 in
2035 1433 2273 1484 Phocicis
2307 1442 2363 1484 et
2391 1433 2586 1483 Atticis
2626 1434 2805 1485 videa·

627 1506 749 1556 inde
771 1505 957 1568 ἀνεψιὸς
991 1503 1190 1565 ζαμενὴς
1220 1503 1426 1555 Ἑλένοιο
1459 1504 1675 1566 Μέμνων.

627 1585 782 1633 Nem.
807 1582 909 1632 od.
929 1587 978 1631 8.
1031 1581 1227 1631 Eadem
1249 1581 1491 1646 Apollod.
1510 1599 1597 1633 ιιι.
1622 1599 1672 1648 p.

627 1662 740 1708 181.
771 1658 958 1720 Dictys
982 1669 1057 1706 iv.
1092 1657 1421 1706 Memnonem
1445 1673 1560 1707 enm
1582 1659 1671 1708 In-

623 1734 808 1783 dorum
819 1740 874 1782 et
891 1732 1180 1795 AEthiopum
1199 1733 1360 1794 copiis
1379 1735 1444 1782 ad
1459 1735 1671 1798 Trojam

624 1811 824 1860 venisse
839 1810 968 1857 vult.
989 1808 1273 1857 Pausanias
1284 1810 1573 1873 AEthiopem
1588 1810 1671 1861 fu·

619 1887 721 1936 isse
744 1899 810 1934 ex
833 1883 1027 1934 (ἔτει-ιι
1061 1883 1261 1947 colligit
1294 1885 1528 1947 pictura:
1566 1901 1670 1936 non

621 1968 794 2010 tamen
807 1974 874 2008 ex
891 1959 1168 2022 AEthiopia,
1191 1959 1280 2008 sed
1291 1959 1434 2009 Susis
1443 1961 1668 2010 Persicis

622 2035 834 2098 Trojam
857 2035 1080 2090 venisse,
1111 2034 1164 2082 in
1188 2033 1445 2095 Phoeicis,
1469 2050 1522 2098 p.
1553 2040 1669 2088 848.

619 2111 880 2160 Diodorus
897 2109 1054 2158 Sicnl.
1075 2122 1153 2157 lv.
1179 2124 1230 2171 p.
1247 2113 1362 2158 276.
1393 2111 1667 2159 Tithonum

618 2201 779 2248 nsque
833 2184 898 2233 ad
955 2185 1258 2246 AEthiopiam
1302 2185 1538 2236 exercitu
1578 2201 1667 2236 ve·

615 2261 772 2316 nisse,
813 2259 1038 2322 indeque
1081 2257 1338 2309 cunabula
1378 2259 1568 2309 fabulae
1600 2262 1667 2310 de

617 2335 896 2384 Memnone
933 2347 999 2382 ex
1041 2332 1260 2380 Aurora.
1324 2331 1665 2381 Philostratus

615 2423 681 2458 ex
706 2408 964 2458 sententia
988 2405 1245 2468 Apollonii
1276 2406 1369 2467 ait,
1401 2420 1663 2470 nunquam

616 2487 758 2536 illum
781 2486 844 2534 ad
877 2484 1086 2548 Trojam
1121 2484 1342 2546 venisse,
1377 2484 1430 2532 in
1467 2484 1663 2533 AEthio-

611 2562 703 2623 ,pia
725 2574 981 2623 regnasse,
1003 2572 1082 2609 vr.
1101 2557 1165 2606 de
1187 2564 1302 2607 ortu
1319 2558 1493 2621 Apoll.
1511 2563 1560 2608 8.
1579 2574 1665 2608 ea-

611 2634 734 2683 dem
757 2634 808 2683 in
821 2631 1061 2682 Hernicis
1071 2644 1191 2695 cap.
1207 2632 1288 2681 De
1300 2631 1594 2695 Antilocho,
1613 2646 1666 2696 p.

613 2714 730 2759 672.
753 2709 975 2759 Diodor.
1003 2708 1106 2757 Sic.
1123 2721 1186 2756 ιι.
1211 2722 1264 2770 p.
1285 2711 1396 2757 109.
1419 2722 1450 2755 a
1469 2708 1661 2757 Tenta-

611 2799 697 2835 mo
705 2785 906 2848 Trojam
924 2784 1133 2833 missum
1152 2782 1276 2841 (nisi
1288 2796 1431 2833 error
1441 2783 1661 2845 scriptu·

611 2860 732 2923 run)
753 2859 894 2908 Susis
919 2856 1234 2922 profectuum
1271 2857 1370 2905 boc
1391 2864 1448 2905 et
1473 2858 1661 2906 Pansa·

613 2934 722 2983 nias
749 2932 975 2987 dicebat,
1007 2930 1358 2980 Thessalorum
1389 2944 1508 2981 vero
1541 2932 1661 2981 insi·

613 3009 712 3057 diis
723 3007 1057 3057 trucidatum.
1073 3005 1399 3055 Callistratus
1417 3006 1467 3054 ln
1478 3008 1663 3057 statuis

611 3084 813 3146 eadem,
832 3097 945 3147 quae
968 3081 1329 3130 Philostratus.
1397 3081 1662 3145 Reliquias

609 3160 749 3209 illins
787 3174 819 3207 a
859 3171 1038 3208 sorore
1089 3154 1306 3205 Himera
1341 3156 1396 3205 in
1439 3158 1659 3220 patriam
1688 3160 1706 3181 ⁰

610 3236 884 3285 translatas
931 3234 1041 3282 vult
1081 3232 1266 3295 Dictys
1309 3245 1388 3283 vr.
1442 3233 1660 3285 Ovidius

611 3312 724 3361 illas
745 3310 796 3359 in
820 3308 1178 3358 Memnonidas
1215 3323 1335 3359 aves
1364 3322 1659 3375 conversas,

611 3400 740 3437 xm.
803 3385 951 3437 Adeo
975 3398 1159 3447 nempe
1181 3384 1232 3432 in
1243 3383 1475 3448 fingendi
1499 3386 1659 3436 licen-

611 3463 703 3521 tia,
719 3462 862 3525 cujus
887 3462 1110 3523 impetus
1130 3460 1392 3524 Zephyros
1413 3462 1657 3525 excessit,

609 3546 670 3586 ut
686 3536 996 3586 Claudianus
1010 3536 1251 3599 loquitur,
1267 3534 1454 3585 falsum
1471 3549 1504 3583 a
1521 3536 1654 3599 seip-

607 3626 663 3662 so
685 3611 916 3662 dissidet.
982 3613 1066 3662 De
1083 3619 1255 3661 statua
1271 3611 1558 3660 Memnonis
1571 3612 1656 3660 cni

603 3686 640 3745 ἡ
655 3688 762 3749 ἠχὼ
783 3685 987 3747 ἀντηχεῖ
1003 3685 1149 3735 multi
1171 3684 1441 3748 scripsere.
1493 3684 1654 3733 Ense·

607 3764 722 3812 hius
743 3763 794 3811 in
819 3761 1103 3812 chronicis.
1159 3758 1442 3821 Dionysius
1461 3757 1514 3807 in
1527 3774 1653 3821 vepa-

605 3835 790 3899 ηγήσει.
809 3836 998 3886 Strabo
1012 3846 1152 3883 xvu.
1164 3833 1299 3881 Pllu.
1313 3844 1516 3881 xxxvi.
1529 3832 1651 3882 Phi-

607 3914 854 3962 lostratus
907 3912 960 3961 in
1011 3912 1120 3958 vita
1166 3907 1343 3971 Apoll.
1385 3922 1465 3959 vt.
1505 3912 1556 3957 8.
1597 3904 1651 3958 ἰιι

607 3986 849 4037 leonibus
869 4002 922 4050 p.
943 3988 1060 4035 741.
1094 3985 1351 4033 Lucienus
1377 3984 1429 4035 in
1445 3985 1651 4037 Toxari.

605 4061 726 4111 Jnv.
751 4074 845 4110 xv.
877 4061 1084 4110 Tacitus
1105 4072 1168 4109 ιι.
1203 4055 1476 4109 ΑιιιιιιΙ.“ιιά
1499 4076 1651 4124 quem

608 4137 726 4185 vide
761 4138 1008 4199 Lipslurn,
1043 4136 1145 4202 qul,
1181 4136 1354 4185 neseio
1390 4150 1454 4186 an
1489 4144 1651 4198 recte,

605 4212 921 4264 Philostrato
941 4213 1067 4263 illud
1089 4212 1406 4275 figmentum,
1441 4220 1495 4262 et
1515 4213 1649 4263 illins

1754 1515 1855 1559 tur.

1814 1587 1905 1632 881
1958 1581 2205 1633 Volucrum
2242 1583 2588 1644 somniantibus
2640 1584 2805 1637 astitit

1748 1661 1839 1709 olis
1859 1660 2099 1723 Exequios
2106 1657 2304 1720 foetura
2318 1659 2552 1724 phalanx]
2574 1661 2799 1710 Plinium

1750 1735 1866 1784 vide
1888 1749 1945 1784 x.
1964 1740 2045 1784 25.
2094 1735 2338 1785 Ovidium
2358 1749 2488 1784 xm.
2543 1734 2800 1786 AElianum

1750 1824 1803 1858 v.
1826 1815 1872 1860 1.
1909 1811 1974 1862 de
2005 1810 2327 1872 animalibus,
2356 1811 2595 1860 Coiutum
2618 1811 2711 1860 lib.
2734 1825 2802 1862 ιι.

1748 1889 1863 1935 225.

1811 1963 1909 2011 882
1939 1961 2063 2011 Avis
2100 1960 2240 2010 asico
2281 1961 2513 2025 Pha-aix]
2576 1960 2799 2012 Ovidius

1749 2034 1993 2084 Amorum
2019 2049 2080 2086 ιι.
2096 2036 2240 2098 meg.
2257 2049 2335 2085 vr.
2351 2042 2367 2064 ‘
2387 2036 2458 2084 Et
2473 2036 2628 2084 vivax
2644 2036 2798 2086 Phoe·

1747 2111 1837 2158 nix
1881 2110 2029 2160 unica
2067 2125 2272 2173 semper
2305 2109 2451 2160 avis!
2518 2109 2695 2160 Claud.
2731 2123 2799 2160 ιι.

1747 2183 1813 2234 de
1849 2184 2086 2236 laudibus
2122 2184 2413 2232 stiliconis:
2450 2183 2673 2232 ‘Unicus
2707 2197 2798 2230 ex-

1746 2267 1914 2308 tremo
1945 2258 2177 2308 Phoenix
2232 2257 2467 2320 procedit
2511 2257 2579 2305 ab
2622 2257 2801 2308 Euro?

1743 2328 1877 2378 Vide
1900 2329 2095 2392 insigne
2127 2331 2273 2392 hujus
2308 2330 2530 2391 poiSmat.
2552 2331 2618 2380 de
2640 2332 2795 2382 1²1»oe-

1742 2403 1877 2453 nice.
1941 2404 2267 2453 Lactantiurn
2302 2405 2367 2453 de
2394 2405 2575 2454 eodem
2598 2407 2649 2455 in
2673 2409 2793 2456 Ele-

1743 2480 1845 2542 gia.
1866 2480 1883 2507 ‘
1906 2480 2021 2529 Hoc
2042 2495 2238 2541 nemus,
2259 2481 2351 2529 hos
2369 2482 2509 2531 lucos
2527 2484 2635 2532 avis
2652 2485 2793 2534 inco-

1744 2555 1807 2605 lit
1852 2556 2003 2605 unica
2045 2556 2283 2618 Phoenix,
2325 2558 2493 2607 Unica
2530 2558 2620 2606 sed
2664 2560 2793 2610 vivit

1744 2635 1909 2680 morte
1952 2628 2151 2679 refecta
2192 2629 2317 2680 sua.'
2389 2631 2525 2680 Vide
2567 2648 2683 2697 quse
2724 2634 2791 2683 de

1740 2705 1989 2754 Phoeuice
2027 2706 2307 2755 Marcellus
2339 2706 2575 2755 Donatus
2610 2707 2665 2757 in
2693 2710 2792 2757 Ta-

1739 2784 1832 2833 citi
1851 2782 1941 2831 lib.
1964 2796 2017 2833 v.
2042 2798 2095 2846 p.
2118 2788 2228 2833 1⁶4.
2250 2792 2305 2834 et
2328 2784 2492 2833 Pierii
2517 2785 2793 2850 Hierogly·

1742 2857 1894 2919 phica
1913 2872 2010 2907 xx.
2055 2859 2313 2923 Symposii
2338 2861 2559 2923 aenigma
2580 2862 2787 2923 elegans

1742 2939 1857 2982 est:
1880 2935 1898 2962 ⁴
1917 2935 2042 2983 Vita
2078 2935 2197 2984 mihi
2234 2948 2368 2984 mors
2390 2943 2491 2997 cst,
2517 2936 2724 2993 morior,
2746 2937 2788 2985 si

1738 3022 1951 3071 coepero
1973 3009 2147 3057 nasci:
2187 3010 2271 3058 Sie
2296 3010 2433 3058 solus
2452 3024 2627 3059 manes
2648 3011 2785 3073 ipsos

1740 3084 1861 3133 mihi
1886 3084 2004 3133 dico
2029 3084 2360 3146 sepulcrum.'

1803 3162 1899 3209 884
1945 3158 2173 3209 Lux-'nia
2210 3160 2397 3223 paam]
2441 3160 2664 3221 Tempus
2708 3173 2787 3209 se·

1738 3234 1921 3283 eunde
1944 3234 2155 3296 syllabae
2189 3233 2317 3284 vitio
2348 3234 2655 3296 productum
2684 3235 2787 3284 cla-

1736 3308 1967 3370 mabunt,
1988 3309 2077 3372 qui
2101 3308 2363 3357 lusciniam
2386 3310 2577 3358 dictam
2602 3316 2786 3372 putant

1726 3398 1851 3432 -cnm
1891 3384 2126 3432 Varrone
2166 3382 2281 3447 (alii
2324 3391 2497 3433 tamen
2546 3386 2787 3435 insciolam

1734 3458 1859 3507 inibi
1899 3460 2105 3523 legunt)
2146 3459 2281 3522 quod
2323 3461 2552 3509 luctuose
2594 3474 2785 3509 canere

1734 3534 2075 3597 existimetur,
2089 3537 2169 3584 vel
2188 3536 2392 3584 Horatii
2405 3536 2525 3584 illud
2543 3536 2603 3584 ti.
2617 3536 2786 3588 Serm-

1734 3614 1782 3657 8.
1802 3610 2060 3672 legerint,
2096 3614 2113 3641 ⁸
2132 3611 2397 3661 Luscinias
2422 3610 2560 3660 soliti
2580 3611 2786 3675 impen-

1733 3698 1791 3732 so
1830 3686 2084 3747 prandere
2126 3685 2392 3746 coenatus?
2427 3694 2483 3736 et
2522 3687 2783 3737 Martialis

1730 3759 1889 3809 illude
1923 3764 1940 3790 ⁴
1962 3761 2211 3811 Luselni·
2248 3762 2499 3811 tumulum
2530 3761 2575 3809 si
2596 3762 2785 3811 Thele-

1731 3836 1847 3885 sina
1878 3835 2061 3888 dedit!
2122 3836 2227 3885 Sed
2265 3836 2511 3885 errabunt
2544 3835 2639 3899 illi,
2660 3836 2781 3885 dnm

1728 3911 2054 3970 clamabuntz
2090 3912 2351 3962 doctiores
2388 3920 2673 3975 agnoscant
2708 3912 2779 3960 ihi

1730 3984 1969 4047 mil-ww
2004 3989 2084 4038 vel
2118 3988 2400 4052 συναίρειν,
2440 3987 2677 4037 Git'anius
2710 3988 2779 4039 ad

1729 4059 1937 4114 Lueret.
1957 4079 2009 4128 p.
2032 4068 2149 4115 840.
2204 4063 2480 4112 Lambinus
2506 4063 2571 4113 ad
2592 4063 2784 4115 Horat.

1730 4138 1838 4188 Sat.
1886 4154 1925 4188 1.
1964 4146 2013 4190 7.
2068 4140 2331 4200 Heinsius,
2374 4142 2391 4169 ‘
2416 4140 2780 4205 Lusciniaeque

1730 4213 1941 4276 guttaz’
1990 4216 2044 4263 in
2088 4213 2485 4265 Anacreontico.
2541 4212 2777 4265 Andreas
