3173 4957
594 378 726 445 438

1382 352 1693 443 JoSEPHI
1743 394 1958 443 ISCAN
1971 396 1996 441 1

600 534 911 601 Illustres
944 535 1203 619 superis
1234 535 1477 618 epulas
1503 536 1742 601 molita
1769 545 2079 621 potestas

598 637 934 703 Sacrificis
961 638 1229 701 bibulos
1255 638 1608 703 lictoribus
1637 640 1904 705 instruit
1929 641 2140 722 ignes,

594 740 908 822 Totaque
940 738 1356 802 thuricremis
1386 738 1736 804 Panchaia
1768 740 1977 822 spirat
1999 743 2064 804 in
2096 743 2250 821 aria,

2700 743 2787 807 10

596 839 893 906 'Venales
922 844 1175 903 emtura
1208 839 1437 903 Deos:
1484 844 1557 905 at
1586 859 1843 925 pauper
1869 860 2102 906 acerra

1581 1072 1802 1125 No'rAE

598 1212 679 1255 est
713 1212 911 1269 taurus,
940 1205 1060 1269 quia
1083 1207 1238 1256 moris
1274 1213 1388 1256 erat
1410 1206 1646 1256 victimas

599 1295 865 1345 coronare,
890 1286 945 1330 et
967 1295 1158 1331 cornua
1180 1281 1436 1344 inaurare,
1459 1296 1558 1347 qua
1581 1281 1648 1331 de

594 1370 651 1406 re
674 1358 873 1420 prolixe
894 1357 1004 1420 agit
1018 1356 1229 1407 doctiss.
1261 1358 1563 1409 Paschalins
1579 1359 1647 1408 de

598 1431 787 1483 Coron.
806 1446 884 1480 xv.
911 1436 989 1480 16.
1009 1434 1108 1481 ὅτε.
1176 1432 1362 1497 Papin.
1385 1434 1542 1483 etiam
1572 1434 1648 1484 in-

595 1505 752 1556 ferias
794 1514 1038 1557 coronat:
1073 1508 1237 1557 ‘Tum
1276 1506 1389 1557 fera
1408 1510 1650 1559 coernleis

598 1582 789 1632 intexit
828 1598 1022 1633 cornua
1058 1584 1246 1634 sertis!
1314 1585 1384 1634 Et
1418 1586 1540 1650 quia
1584 1585 1651 1634 de

598 1672 789 1708 corona
813 1664 866 1707 et
888 1659 1027 1707 illius
1063 1658 1357 1711 doctissimo
1380 1662 1651 1712 laudatore

600 1734 834 1790 diximus,
873 1748 974 1783 non
997 1734 1091 1784 ahs
1115 1750 1171 1785 re
1194 1738 1297 1787 erit
1334 1738 1469 1788 illius
1508 1754 1650 1789 erro·

599 1824 709 1859 rem
731 1812 944 1859 notare':
969 1825 1009 1860 1.
1034 1816 1080 1860 1.
1096 1812 1195 1862 ait:
1229 1816 1245 1841 ‘
1262 1813 1380 1865 Quo
1401 1829 1551 1864 sensu
1571 1816 1648 1865 di-

598 1885 757 1935 cimus
782 1884 971 1950 κορωνὶς
992 1887 1081 1935 τοῦ
1100 1886 1223 1943 βίον.
1278 1889 1396 1938 Hoc
1411 1893 1650 1954 exemplo

598 1962 823 2012 Proteus
848 1964 951 2023 ille,
972 1964 1059 2028 qni
1078 1964 1226 2029 'apud
1253 1966 1532 2016 Lucienum
1556 1981 1651 2032 per

596 2038 767 2101 iguem
792 2038 946 2101 petiit
979 2040 1213 2103 gloriam,
1248 2042 1379 2091 dicit
1400 2058 1456 2092 se
1478 2058 1649 2093 aurem

600 2114 721 2162 vitae
761 2128 969 2163 auream
1012 2115 1309 2169 coronidem
1366 2118 1648 2180 imponere.

598 2189 767 2239 Quam
812 2203 990 2238 vocem
1045 2191 1233 2240 nostris
1285 2195 1650 2256 complacitam

597 2262 771 2314 video.
827 2264 1079 2316 Ovidius:
1122 2266 1302 2316 ‘Unde
1345 2269 1650 2319 Coronidem

600 2338 900 2389 circumflua
920 2340 1167 2404 Tybridis
1209 2342 1513 2394 alti‘Insula
1548 2347 1651 2396 Ro·

598 2418 782 2465 muleae
798 2417 956 2467 sacris
974 2417 1407 2482 adjeceritnrbis.’
1424 2420 1440 2444 '
1474 2422 1547 2473 At
1560 2426 1651 2472 Co·-

598 2495 786 2543 ronides
804 2493 962 2544 Ovid.
984 2502 1066 2544 est
1088 2495 1431 2562 AEsculapius,
1452 2498 1651 2563 Apolli-

596 2570 677 2618 nis
717 2575 772 2618 et
814 2569 1083 2620 Coronidis
1118 2570 1274 2634 filius,
1323 2580 1381 2624 ut
1414 2575 1654 2626 scribunt

599 2644 945 2707 Apollodorus
981 2658 1071 2694 ιιι.
1104 2649 1213 2696 171.
1263 2654 1320 2696 et
1364 2648 1504 2713 Hyg.
1544 2647 1653 2700 fab.

600 2725 713 2770 202.
768 2721 1047 2786 Repugnat
1084 2723 1367 2786 etsyllabae
1386 2739 1656 2778 mensuras.

599 2797 762 2846 Mart.
788 2811 845 2848 x.
882 2797 966 2846 ‘Si
990 2797 1175 2846 nimius
1220 2798 1415 2857 videor,
1444 2813 1661 2865 seraque

601 2873 845 2922 coronide
863 2873 1079 2936 longus!
1112 2874 1251 2922 Talis
1268 2880 1348 2922 est
1366 2875 1660 2926 emendatio

599 2949 739 2999 illius
763 2948 812 2997 iu
838 2949 952 2998 loco
986 2949 1220 3011 Papinii,
1240 2951 1324 3014 qui
1356 2965 1457 3001 vn.
1488 2952 1651 3003 Theb.

600 3023 682 3072 ‘et
698 3022 909 3071 brachia
927 3024 1135 3086 planctu
1154 3025 1319 3088 Nigra
1335 3022 1540 3088 ferens,’
1556 3043 1653 3090 pro

604 3097 876 3146 ‘brachia'
914 3099 1043 3162 legit
1082 3099 1347 3162 ‘lumiua,'
1390 3103 1553 3164 male3
1599 3104 1651 3153 in

603 3173 747 3222 luctu
770 3173 905 3223 enim
933 3188 1037 3224 non
1076 3183 1273 3224 tuntum
1311 3179 1492 3226 oculos
1531 3177 1652 3228 fati·

601 3262 745 3312 gare,
768 3251 857 3298 sed
883 3255 937 3300 et
960 3265 1133 3314 genas,
1156 3258 1211 3302 et
1236 3253 1440 3302 brachia
1462 3255 1653 3305 lassare

598 3325 885 3390 radereqne
908 3329 1059 3377 moris
1084 3336 1211 3378 erat.
1277 3330 1413 3381 Vide
1442 3331 1655 3396 Papini-

598 3415 685 3450 um
710 3402 760 3450 in
779 3403 934 3466 sylvis
954 3404 1237 3468 Epicediis,
1249 3406 1407 3456 Theb.
1426 3421 1481 3458 v,
1499 3417 1555 3458 et
1575 3424 1654 3458 vt.

599 3483 655 3527 et
678 3479 875 3541 prolixe
900 3479 1079 3528 Desid.
1104 3481 1281 3532 Heral.
1306 3483 1370 3532 ad
1400 3496 1463 3534 11.
1492 3485 1653 3534 Mart.

599 3553 699 3614 Ep.
716 3555 801 3602 40.
835 3551 939 3603 Sed
959 3555 1039 3604 hae
1056 3558 1274 3619 guttulae
1289 3571 1439 3621 aqnae
1458 3573 1561 3608 non
1576 3560 1652 3608 in-

598 3626 803 3677 fuscant
818 3630 987 3679 vinum
1006 3631 1131 3680 illud
1154 3631 1426 3682 Paschalii.

661 3709 694 3753 9
714 3704 957 3770 Sam-afleti
977 3706 1152 3756 bibulos
1181 3708 1423 3757 lictoribus
1452 3709 1652 3760 instruit

595 3780 755 3842 ignes]
814 3783 995 3831 Lictor
1046 3781 1131 3830 hic
1173 3789 1252 3830 est
1295 3783 1651 3844 VictimariuS,

600 3855 751 3918 Popa
771 3857 1064 3918 cultrarins,
1088 3855 1336 3919 ἴερονόμος,
1359 3858 1526 3922 poetis
1549 3861 1650 3910 eti-

601 3943 682 3978 am
716 3931 963 3995 minister,
990 3939 1046 3980 ut
1072 3931 1225 3980 Dion.
1249 3931 1517 3984 Halicarn.
1536 3937 1654 3994 ὑπη-

598 4004 751 4067 ρέτης.
789 4008 1023 4058 Festus:
1057 4009 1073 4033 ‘
1093 4007 1653 4068 Flaminiuslictorest.

597 4081 688 4142 qui
733 4081 958 4132 Flamini
998 4083 1136 4131 Diali
1190 4097 1451 4135 sacrorum
1497 4100 1656 4136 cansa

600 4163 797 4216 praesto
818 4163 931 4207 est.’
991 4158 1079 4208 Sic
1116 4158 1313 4208 Noster
1342 4173 1419 4209 tv.
1461 4161 1655 4213 ‘ambit

598 4231 866 4282 lictoribus
906 4233 1075 4296 aras‚’-
1102 4238 1214 4284 244.
1246 4242 1301 4285 et
1341 4235 1439 4288 hoc
1472 4239 1559 4289 lib.
1597 4253 1655 4291 x.

1724 1206 1839 1253 210.
1875 1210 1961 1253 “et
1987 1204 2134 1268 larga
2155 1204 2384 1254 cumulat
2419 1204 2673 1267 promissa
2705 1219 2788 1254 se·

1728 1278 1876 1329 curi-⁹
1919 1280 2131 1345 Dictys,
2147 1294 2302 1345 quem
2325 1278 2516 1328 Noster
2539 1279 2680 1343 sequi
2704 1295 2787 1327 so-

1728 1357 1821 1419 let,
1837 1370 1902 1407 ιι.
1924 1361 2006 1407 62.
2028 1356 2044 1384 ‘
2063 1357 2162 1406 His
2187 1356 2318 1406 actis
2335 1356 2688 1417 Agamemnon
2709 1354 2786 1405 af-

1731 1431 1869 1482 ferre
1890 1432 2111 1481 hostiam
2144 1433 2357 1482 lictores
2389 1431 2576 1494 jubet!
2640 1432 2787 1481 Mac-

1733 1508 1915 1558 tabant
1938 1516 2108 1558 antem
2129 1508 2298 1556 securi
2325 1507 2406 1555 vel
2429 1506 2617 1556 cultro.
2671 1508 2787 1555 Val.

1733 1585 1948 1634 Flaccus
1963 1597 2004 1635 1.
2014 1590 2168 1633 vocat
2183 1583 2443 1645 bipennem.
2477 1581 2634 1631 ovid.
2649 1582 2788 1631 Fast.

1733 1673 1824 1709 ιιι.
1839 1663 1921 1709 84.
1937 1661 1953 1688 ‘
1970 1674 2036 1708 ex
2051 1658 2325 1709 adamante
2341 1657 2597 1707 securim.’
2630 1657 2786 1707 Ovid.

1735 1733 1951 1783 Metam.
1977 1748 2038 1783 ιι.
2077 1732 2184 1783 fab.
2208 1737 2289 1783 12.
2321 1732 2599 1782 ‘lactentis
2639 1731 2788 1781 vituli

1732 1811 1990 1873 Tempora
2005 1810 2245 1861 discussit
2267 1810 2408 1860 claro
2427 1824 2558 1857 cava
2575 1809 2786 1860 malleus

1728 1886 1875 1937 ictu.’
1897 1889 2084 1938 Festus
2102 1887 2316 1937 ‘acierin
2331 1886 2345 1907 '
2365 1885 2612 1935 nominat.
2630 1885 2648 1912 ‘
2665 1885 2789 1934 Aci·

1720 1962 1868 2020 ‘eris,’
1889 1964 1983 2019 ait.
2007 1962 2231 2013 ‘securis
2255 1976 2407 2017 aerea,
2428 1976 2527 2026 qua
2557 1961 2608 2009 in
2631 1961 2788 2010 sacri-

1728 2038 1858 2088 ficiis
1904 2038 2184 2088 utebantur
2243 2035 2579 2087 sacerdotes.’
2641 2036 2784 2085 Suet.

1727 2114 1902 2164 Tiber-
1921 2114 2302 2179 ‘secespitarm’
2359 2114 2569 2174 Pollux,
2605 2114 2789 2174 κοπίδα,

1727 2188 1954 2251 σφαγίδα,
1979 2191 2270 2254 Etymolog.
2308 2188 2562 2252 Stephani
2582 2202 2785 2252 meceres,

1728 2264 1860 2326 ἀξίνη
1877 2263 2165 2330 ἱεροφάντου,
2183 2268 2295 2329 lege
2315 2265 2506 2327 acieris,
2528 2279 2595 2315 ex
2613 2266 2788 2316 Festo.

1733 2342 2016 2391 Nominant
2049 2351 2105 2391 et
2137 2342 2356 2392 πέλεκυν.
2420 2342 2596 2406 Apoll.
2623 2342 2788 2391 Rhod.

1730 2417 1957 2482 ῥόπαλον.
2026 2420 2190 2469 Plura
2223 2419 2290 2468 de
2329 2418 2628 2467 victimariis
2673 2416 2789 2465 vide

1731 2497 1868 2559 apud
1891 2495 2124 2558 Magium
2149 2509 2210 2544 11.
2235 2499 2283 2544 4.
2311 2509 2362 2557 p.
2388 2497 2533 2542 1405.
2572 2492 2789 2543 Fabrum

1733 2570 1787 2619 in
1813 2570 2048 2632 Agonist.
2089 2583 2152 2620 ιι.
2178 2575 2258 2621 15.
2305 2569 2468 2620 Polit.
2486 2569 2685 2618 Miscel.
2705 2573 2788 2617 60.

1737 2648 1963 2698 casaub.
2006 2649 2071 2697 ad
2105 2648 2416 2698 Athenaemn
2449 2646 2540 2696 lib.
2572 2657 2689 2694 xlv.
2708 2647 2790 2693 22.

1737 2722 1904 2771 Tanta
1921 2738 2041 2772 vero
2057 2724 2357 2787 superstitio
2375 2721 2642 2787 gentilium
2658 2726 2792 2782 erat,

1741 2808 1800 2848 ιιι
1820 2813 1924 2848 non
1942 2807 2142 2848 tantum
2157 2799 2410 2863 egregias,
2425 2799 2534 2848 sive
2552 2804 2664 2848 toto
2677 2811 2792 2860 gre-

1742 2890 1805 2938 ge
1831 2875 2076 2938 selectas,
2093 2874 2247 2939 (quas
2265 2875 2412 2924 Suet.
2425 2875 2443 2904 ⁴
2460 2871 2792 2936 excogitatis-

1730 2951 1884 2999 simas
1899 2948 1915 2972 ’
1949 2950 2202 3012 nominat,
2225 2949 2377 3000 Philo
2401 2947 2693 3012 ὁλοκλήρους
2712 2946 2791 2996 καὶ

1729 3027 1998 3088 παντελεῖς,
2031 3034 2089 3074 et
2109 3026 2198 3090 qui
2223 3039 2310 3074 eas
2333 3026 2790 3089 inspectabat,uoe-

1727 3101 1988 3164 μοσκόπον,
2009 3101 2102 3151 lib.
2129 3100 2195 3151 de
2217 3101 2554 3165 Agricultura
2574 3116 2628 3164 p.
2651 3097 2791 3162 160.)

1731 3177 2009 3240 offerreut3
2061 3177 2154 3227 sed
2197 3185 2255 3227 et
2297 3179 2506 3228 nomina
2551 3178 2789 3228 victimas

1736 3255 2034 3305 ducentium
2054 3269 2298 3318 prospere
2312 3255 2566 3318 legerent,
2579 3261 2636 3302 ιιι
2653 3253 2793 3303 ΡΙίιι.

1735 3335 1821 3380 28.
1842 3331 2071 3395 loquitur
2089 3346 2111 3378 ι
2139 3344 2244 3394 qna
2265 3328 2331 3380 de
2353 3344 2409 3378 re
2428 3330 2464 3380 J
2469 3343 2543 3381 os.
2562 3329 2795 3392 Scaliger

1737 3407 1789 3455 in
1815 3407 2120 3470 Conjectan.
2143 3411 2226 3456 83.

1802 3486 1864 3531 10
1890 3484 2097 3545 Totaque
2114 3483 2414 3532 thuricremis
2425 3481 2671 3532 Panchaia
2690 3482 2792 3544 spi·

1732 3561 1814 3606 rat
1831 3557 1884 3606 in
1905 3557 2030 3623 aris]
2051 3559 2200 3622 Virg.
2219 3572 2281 3608 ιι.
2299 3559 2494 3622 Geor-g.
2517 3559 2533 3587 ‘
2551 3552 2793 3623 Totaque

1734 3632 1995 3682 thuriferis
2019 3634 2284 3686 Panchaia
2304 3635 2452 3684 dives
2475 3633 2685 3684 arenis.'

1819 3712 1878 3756 11
1933 3709 2130 3758 Venales
2186 3715 2370 3760 emtum
2413 3709 2582 3774 Deos]
2650 3711 2792 3760 Scite

1733 3781 1916 3846 Chrys.
1942 3783 2098 3833 Hom.
2123 3787 2201 3833 17.
2225 3785 2275 3832 in
2300 3783 2492 3834 Matth.
2519 3800 2571 3849 p.
2597 3789 2711 3835 178.
2728 3785 2790 3834 τὸ

1731 3856 1867 3923 κνίσῃ
1886 3857 2216 3921 θεραπεύεσθαι
2244 3859 2426 3923 σφόδρα
2459 3859 2648 3921 ἀνάξιον
2671 3863 2796 3924 θεοῦ,

1731 3933 1889 3996 ὥσπερ
1920 3933 1999 3983 καὶ
2017 3935 2078 3984 τὸ
2097 3935 2342 3998 ψελλίζειν
2373 3935 2560 3996 θέειον
2591 3937 2793 3998 eamd·

1731 4021 1840 4075 φου.
1902 4014 2068 4064 clem.
2087 4015 2240 4064 Alex.
2257 4015 2447 4078 strom.
2462 4025 2565 4063 vn.
2586 4019 2705 4064 616.
2725 4031 2792 4064 ea

1732 4089 2055 4141 Pherecrate
2071 4092 2124 4141 in
2139 4092 2272 4140 hunc
2296 4103 2500 4140 sensum
2519 4091 2682 4142 multa
2703 4093 2792 4142 ad·

1735 4165 1902 4232 ducit,
1923 4175 1980 4218 et
1999 4183 2092 4218 sua
2112 4165 2434 4232 superaddit.
