3173 4957
771 414 1036 464 nemci
1084 413 1461 462 nunnon'rl
1511 414 1731 462 No‘rAE
1778 413 1858 461 IN
1910 415 2055 462 1213.
2084 415 2152 462 ,1.

357 561 444 616 ΙΙί,
461 560 602 608 hinne
622 557 834 621 Pelopis
865 562 1086 619 patrem,
1115 555 1184 604 ob
1215 561 1422 619 raptum

361 636 718 701 Ganymedis3
755 649 908 698 quem
930 635 1063 682 Tros
1083 633 1236 682 armis
1261 634 1423 684 viudi-

361 728 484 764 care
510 725 807 776 aggressus,
830 725 946 760 cum
970 709 1276 770 decederet,
1313 708 1423 758 bel·

359 790 466 837 lum
493 788 575 836 Ilo
605 785 958 849 peragendum
991 785 1232 847 reliquit:
1267 799 1297 832 a
1319 797 1423 847 qno

362 865 614 915 Tantalus
639 861 996 924 Paphlagonia
1017 861 1238 922 ejectus.
1317 859 1424 909 Sed

363 939 682 988 detrimenta
707 937 842 1000 patri
873 936 1260 998 illata,‘magnis
1297 935 1426 984 invi·

359 1029 474 1065 cem
498 1016 696 1063 damnis
719 1014 910 1076 Pelops
941 1015 1080 1061 ultus
1114 1018 1215 1060 est.
1282 1012 1426 1060 Prae·

359 1102 444 1141 ter
472 1091 766 1140 Diodorum
787 1089 1018 1138 Siculum
1043 1096 1098 1138 et
1130 1088 1425 1150 Lycophro-

359 1168 439 1218 nis
475 1167 842 1228 Scholiastem‚
876 1165 1116 1214 videatur
1145 1163 1359 1214 Orosius
1385 1177 1424 1216 1.

360 1249 441 1294 12.

425 1321 456 1383 ξ
489 1323 521 1368 7
570 1318 716 1379 Gaias
745 1320 951 1368 adventu
981 1318 1034 1366 in
1065 1321 1168 1365 tota
1198 1315 1421 1380 civitate]

362 1394 500 1446 Haec
516 1402 599 1444 est
616 1395 744 1458 Arg.
764 1394 894 1444 Cod.
915 1395 1103 1443 lectioz
1138 1395 1155 1421 4
1171 1393 1314 1455 cnjus
1334 1391 1423 1440 ad-

361 1478 572 1518 ventum
599 1477 706 1518 tota
737 1469 922 1518 civitas
949 1483 1064 1518 cnm
1105 1468 1296 1531 partim
1333 1480 1424 1516 ex·

359 1547 534 1609 emplo
557 1545 800 1594 facinoris
825 1543 1198 1594 execraretur!

441 1622 584 1670 Nihil
621 1621 756 1683 pensi
797 1625 882 1669 aut
925 1618 1128 1668 connati
1163 1616 1425 1682 patientes]

357 1697 506 1747 Med.
531 1694 857 1752 ‘facientes,'
895 1694 1169 1744 Sallustius
1207 1693 1423 1742 subinde

357 1771 678 1828 iubentem?
701 1771 794 1821 sed
804 1771 934 1835 Arg.
951 1771 1082 1820 cod.
1095 1770 1250 1819 lectio
1271 1783 1424 1832 quarn

361 1847 870 1911 repraesentavimus,
889 1860 1012 1895 vera
1029 1852 1127 1894 est.
1161 1845 1266 1893 Hie
1287 1844 1422 1894 enim

357 1921 648 1987 παρῳδιάζει,
695 1935 796 1970 non
831 1921 1084 1970 exscribit
1121 1919 1424 1970 Sallustium

359 2000 662 2063 Septimius,
690 1998 764 2046 ita
785 2003 844 2046 ut
879 1997 978 2045 vim
1006 1995 1253 2060 phraseos
1284 1995 1422 2044 baud

361 2089 542 2138 parum
561 2073 819 2124 intendat.
852 2073 985 2122 Nam
1006 2073 1050 2120 si
1075 2071 1316 2132 Barbari,
1337 2071 1425 2136 qui

351 2153 508 2204 {nihil
523 2151 666 2214 pensi
682 2157 774 2198 aut
797 2146 1254 2203 consultibabent,’
1267 2161 1424 2211 quan·

361 2237 416 2278 to
451 2229 617 2291 magis
657 2227 745 2290 qui
785 2239 882 2274 nec
916 2223 1256 2288 ‘patiunturl
1308 2224 1423 2274 Liv-

357 2316 510 2354 xxn.
528 2307 606 2352 29.
630 2302 647 2329 4
669 2315 782 2350 eum
799 2299 814 2321 ’
835 2299 1022 2363 inquit,
1045 2299 1292 2362 ‘primum
1311 2313 1423 2348 esse

360 2380 550 2434 virum,
572 2379 661 2442 qui
683 2377 798 2440 ipse
821 2375 1054 2424 consulat
1078 2375 1211 2438 quod
1238 2375 1290 2423 iu
1311 2388 1422 2426 rem

361 2458 430 2507 sit
446 2473 462 2507 ε
481 2454 762 2505 secundum
775 2466 912 2512 eum,
929 2451 1018 2516 qui
1037 2450 1170 2500 bene
1192 2449 1424 2501 monenti

364 2532 610 2582 obediat:
647 2531 734 2594 qui
758 2542 855 2577 nec
879 2529 990 2592 ipse
1013 2527 1304 2587 consulere,
1325 2540 1421 2575 nec

361 2610 520 2659 alteri
544 2620 726 2671 parere
749 2605 870 2665 scit,
894 2618 1011 2652 eum
1049 2601 1271 2651 extremi
1309 2614 1422 2651 esse

363 2684 594 2749 ingenii:

434 2765 506 2826 §8
534 2762 612 2809 Ita
632 2758 824 2819 inseetis
843 2756 999 2815 rebus,
1011 2753 1206 2816 populus
1221 2759 1422 2803 contem·

366 2838 444 2886 tui
473 2835 680 2897 habitus]
726 2835 938 2884 Sallust.
959 2831 1083 2893 Jug.
1125 2832 1206 2878 84.
1241 2830 1425 2878 ‘Tam-

367 2913 472 2963 elsi
521 2910 797 2962 multitudo
844 2907 1079 2959 terrebat
1116 2920 1252 2967 eum,
1296 2906 1424 2955 vicit

367 2997 546 3038 tamen
615 2983 957 3048 impudentia.
1047 2979 1134 3028 Ita
1203 2981 1423 3043 populus

367 3063 593 3113 ludibrio
646 3062 854 3109 habitus
903 3073 968 3107 ex
1011 3055 1260 3106 concione
1322 3056 1422 3106 dis-

372 3140 554 3191 cedit!

437 3219 467 3279 ς
490 3219 523 3263 9
564 3215 779 3276 Namque
813 3227 876 3261 ex
898 3211 1114 3261 Hesiona
1146 3208 1428 3272 Danaifilia

370 3299 422 3342 et
437 3293 637 3341 Atlante
657 3292 898 3339 Electram
919 3287 1103 3349 natum]
1139 3287 1292 3348 Vulg.
1331 3287 1426 3335 ‘ex

369 3366 646 3431 Plejona:'
681 3367 906 3415 Mercer.
939 3363 1106 3415 codd.
1144 3361 1332 3413 ‘Jonm
1371 3366 1427 3410 et

375 3442 533 3493 Ona.’
556 3441 686 3503 Arg.
704 3441 721 3468 ‘
739 3438 909 3490 Sena-⁹
941 3438 1086 3487 Med.
1118 3438 1133 3465 4
1153 3435 1429 3486 Pusione!

371 3517 512 3567 infra
543 3531 620 3566 w.
639 3520 725 3565 22.
756 3518 773 3544 4
791 3514 1074 3565 Hesionam
1106 3513 1300 3577 quippe
1323 3512 1428 3561 Da-

371 3594 462 3643 nai
482 3592 640 3641 filiam
659 3592 917 3640 Electram
937 3587 1208 3652 genuisse:
1271 3587 1429 3635 Scho-

373 3671 551 3721 liastes
574 3668 836 3732 Apollonii
874 3667 909 3716 l.
943 3680 980 3715 ι.
1013 3663 1233 3722 Ἠπιόνης
1265 3662 1316 3713 δὲ
1344 3665 1432 3722 τῆς

375 3746 564 3795 Δαναοῦ
584 3744 662 3793 καὶ
683 3742 790 3793 Διὸς
814 3740 999 3802 ’γίνεται
1016 3738 1324 3803 Ὀρχομενός.

443 3820 681 3883 Argalnm
708 3823 892 3881 patrem
927 3816 1108 3878 OEbali,
1137 3830 1270 3879 quem
1307 3814 1432 3877 {lyn-

373 3896 484 3947 dm·
533 3901 720 3958 patrem
779 3891 1038 3953 cautaret]
1084 3890 1433 3953 Apollodorus

373 3972 628 4023 Biblioth.
663 3971 756 4020 lib.
799 3984 892 4021 ιιι.
934 3967 1026 4017 εἰσὶ
1057 3966 1108 4017 δὲ
1130 3967 1175 4015 oi
1205 3966 1434 4027 λέγοντες

377 4046 592 4103 Οἰβάλου
643 4046 722 4095 καὶ
778 4044 954 4104 Nanos
1007 4042 1190 4105 νύμφης
1237 4040 1434 4093 Βατείας

375 4120 599 4183 ’γενέσθαι
630 4124 774 4172 παῖδα
801 4118 1086 4183 Τυνδάρεων.
1149 4118 1434 4169 Pausanias

378 4201 436 4249 in
464 4198 766 4251 Laconicis:
815 4194 1132 4247 aroma-uros
1153 4194 1207 4244 δὲ
1224 4192 1436 4253 Ἀμύκλα

379 4276 430 4325 ἐς
463 4272 723 4339 Ἄργαλον,
757 4274 836 4335 καὶ
878 4273 1076 4337 ὕστερον
1109 4274 1158 4321 ἐς
1179 4268 1433 4333 Κυνόρτα,

2424 401 2559 468 605

1495 553 1694 616 ἄφίκετο
1735 555 1769 614 ἦ
1810 555 1960 618 ἀρχὴ,
2006 555 2223 620 Κυνόρτα
2264 555 2316 606 δὲ
2360 556 2557 618 &rbem

1493 631 1727 688 Οἴβαλος.
1758 628 1894 682 οὗτος
1906 635 2050 681 παῖδα
2073 632 2195 695 ἔσχε
2212 633 2491 697 Τυνδάρεων.

1505 743 1512 750 .
1570 708 1807 767 Agenoris
1846 709 2017 770 quippe
2079 708 2339 772 Phineum]
2398 711 2557 774 Vulg-

1495 788 1510 810 ‘
1529 781 1789 844 Agenoris
1818 784 2013 847 quippe
2034 783 2195 835 filium
2217 786 2556 837 Pboeuicem.’

1493 858 1599 906 Sed
1641 858 1708 908 de
1753 859 1953 908 Phineo
1994 861 2263 911 Mercerus
2302 862 2411 923 jam
2464 862 2555 911 ad-

1495 934 1711 982 monuit.
1746 934 2025 996 Septimius
2050 934 2181 984 infra
2206 949 2291 986 ιιι.
2311 943 2361 987 6.
2393 939 2409 966 4
2427 937 2557 986 Per-

1497 1009 1774 1058 bibebatur
1794 1011 1987 1074 quippe
2008 1011 2093 1061 hie
2118 1012 2275 1060 etiam
2294 1027 2361 1062 ex
2382 1013 2444 1062 iis
2467 1014 2557 1077 qni

1497 1099 1528 1132 a
1545 1085 1739 1135 Phineo
1759 1086 2015 1149 Agenoris
2031 1087 2275 1150 originem
2292 1089 2559 1153 propriam

1495 1159 1847 1222 repetebant!

1565 1235 1634 1285 Et
1656 1236 1832 1299 Dyma
1844 1238 2001 1300 patris
2015 1237 2249 1301 Hecuba]
2288 1237 2374 1287 Ita
2407 1237 2555 1288 Med.

1497 1317 1553 1360 et
1600 1325 1667 1360 ex
1721 1313 2065 1362 Mereerianis
2111 1313 2278 1363 codd.
2324 1313 2555 1377 qnidam.

1501 1385 1626 1449 Arg.
1648 1386 1665 1414 ‘
1684 1385 1873 1437 deinde
1905 1388 2068 1450 patris
2105 1387 2374 1438 Hecube!
2430 1389 2560 1440 Phi-

1497 1477 1624 1512 neus
1668 1465 1845 1527 itaque
1890 1464 2142 1527 Agenoris
2204 1464 2359 1528 filius,
2397 1465 2557 1528 juxta

1495 1539 1823 1602 Septimium,
1879 1541 2114 1590 Olizonae
2161 1549 2327 1604 pater.
2373 1553 2463 1592 m.
2507 1547 2557 1590 6.

1499 1615 1718 1665 Olizona
1736 1629 1863 1664 uxor
1880 1616 2129 1666 Dardani.
2152 1617 2279 1666 ibid.
2298 1624 2355 1668 et
2376 1631 2453 1666 iv.
2474 1621 2556 1668 22.

1499 1694 1781 1750 Dardanus
1830 1703 2001 1747 autem
2046 1711 2077 1745 e
2121 1697 2355 1759 Dionysii
2410 1697 2559 1746 Hali·

1499 1785 1723 1822 carnass.
1762 1773 2067 1822 recensione
2114 1773 2294 1836 Antiq.
2334 1786 2373 1823 1.
2406 1779 2557 1836 pater

1497 1847 1706 1909 Dymae.
1764 1847 1933 1898 Porro
1971 1849 2113 1898 Leda
2134 1850 2343 1898 Thestio
2382 1849 2557 1898 AEtolo

1501 1929 1625 1971 nata
1676 1923 1833 1985 juxta
1882 1925 2214 1986 Strabonem,
2273 1925 2557 1988 Apollodo-

1499 2013 1631 2055 rum.
1660 2001 1820 2050 alios:
1855 2001 2100 2050 Thestius
2135 2001 2394 2065 Agenore,
2417 2003 2557 2051 Pau·

1499 2075 1656 2124 saniae
1682 2077 1849 2126 relatu
1874 2078 1925 2126 in
1950 2077 2241 2126 Laconicis.
2286 2077 2393 2130 Sed
2418 2077 2557 2142 Age-

1499 2165 1595 2199 nor
1617 2151 1715 2199 iste
1739 2152 2029 2214 Pleuronis,
2052 2154 2121 2202 ab
2144 2152 2385 2216 Agenore
2411 2153 2557 2216 Nep-

1499 2226 1635 2288 tuni,
1667 2242 1819 2291 quem
1850 2228 2137 2290 Septimius
2162 2229 2349 2289 innuit,
2382 2229 2559 2290 patria

1500 2307 1555 2350 et
1576 2309 1737 2350 aetate
1774 2302 1929 2365 longe
1950 2301 2201 2359 diversus,
2222 2303 2333 2352 solo
2356 2303 2559 2354 nomine

1500 2377 1787 2440 scriptores
1820 2377 2043 2433 induxit.
2078 2385 2137 2426 nt
2175 2379 2393 2428 alterum
2438 2393 2559 2430 cum

1500 2453 1663 2503 altero
1685 2453 1902 2503 subinde
1926 2461 2301 2517 permutarent.

1563 2530 1646 2578 An
1665 2544 1905 2591 penarum
1922 2544 2039 2590 quas
2050 2530 2108 2577 ob
2122 2532 2355 2579 desertam
2371 2532 2559 2582 domum

1499 2618 1530 2651 a
1565 2604 1763 2664 conjuge
1795 2604 2048 2666 metuebat,
2090 2605 2163 2653 ita
2192 2604 2287 2653 sibi
2321 2606 2559 2655 consulere

1497 2681 1741 2743 maluerit]
1758 2680 2070 2729 Sallustiana
2088 2681 2313 2744 Ellipsis.
2334 2690 2350 2713 ⁶
2369 2683 2560 2732 Poeua·

1501 2758 1647 2817 rum‚'
1674 2757 1867 2807 subint.
1899 2756 1916 2783 4
1938 2757 2126 2806 causa.'
2150 2758 2304 2807 Catil.
2332 2762 2382 2807 6.
2414 2759 2430 2785 4
2450 2758 2559 2807 Re·

1500 2836 1640 2899 gium
1684 2834 1949 2898 imperium
1997 2832 2145 2883 initio
2189 2832 2557 2884 conservande

1498 2911 1758 2960 libertatis
1794 2916 1951 2973 atque
1987 2909 2235 2971 augenda
2267 2909 2421 2972 Reip.
2444 2908 2559 2959 fne-

1500 2984 1621 3036 rat.’
1655 2989 1737 3035 51.
1769 2987 1785 3014 4
1808 2998 1873 3033 ue
1906 2985 2019 3048 quis
2051 2984 2347 3035 divitiarum
2382 2986 2561 3049 magis,

1499 3078 1653 3127 quarn
1676 3062 1873 3126 injurias
1897 3062 2087 3111 bellum
2112 3062 2391 3126 inemptum
2415 3063 2557 3113 dice-

1499 3138 1617 3190 ret.’
1648 3140 1700 3187 H
1708 3140 1789 3189 ist.
1806 3153 1846 3187 1.
1858 3140 1874 3167 4
1892 3139 2085 3189 Omnia
2096 3138 2381 3189 retinendas
2398 3140 2563 3189 domi-

1499 3215 1725 3263 nationis
1743 3214 1959 3262 bonesta
1984 3214 2280 3265 existimat.’
2316 3215 2385 3263 Et
2404 3217 2559 3278 panjo

1501 3296 1655 3353 post:
1715 3288 2047 3337 ‘Exercitum
2084 3288 2443 3351 opprimundae
2498 3290 2561 3337 li·

1500 3363 1718 3413 bertatis
1742 3362 1938 3413 babet!
2002 3363 2085 3411 De
2108 3364 2286 3413 eadem
2308 3364 2559 3426 Virgilius

1502 3452 1565 3489 n.
1594 3439 1701 3489 AEn.
1727 3442 1843 3488 5⁷1.
1877 3444 1891 3466 4
1907 3437 2005 3486 Illa
2028 3438 2123 3486 sibi
2141 3436 2354 3486 infestos
2375 3452 2559 3488 eversa

1501 3514 1570 3563 ob
1593 3514 1848 3577 Pergama
1860 3514 2107 3573 Teucros,
2144 3512 2211 3561 Et
2237 3526 2413 3575 poenas
2448 3514 2559 3563 Da-

1504 3602 1675 3644 naum.
1698 3594 1755 3637 et
1788 3587 1984 3637 deserti
2014 3587 2247 3649 conjugis
2283 3587 2385 3635 iras
2425 3588 2559 3636 Per·

1503 3663 1766 3714 metuens!
1803 3666 2016 3724 Noster,
2038 3676 2091 3713 v.
2114 3661 2274 3711 ‘iram
2292 3660 2559 3713 derelicta

1503 3741 1684 3791 domus
1708 3738 1981 3789 metuens!

1570 3819 1601 3880 ξ
1626 3822 1686 3867 10
1722 3817 1842 3871 Quoe
1862 3814 1920 3863 ob
1942 3815 1993 3862 id
2012 3814 2065 3862 in
2102 3818 2345 3876 conspectu
2366 3814 2561 3875 popula·

1503 3892 1631 3941 rium
1649 3889 1865 3953 venerut]
1888 3890 1976 3940 Sic
1999 3888 2130 3951 Arg.
2150 3902 2242 3951 pro
2265 3901 2365 3951 quo
2388 3888 2559 3949 vulga-

1506 3976 1578 4019 tas
1603 3968 1875 4029 editiones,
1910 3976 1923 3999 ⁴
1942 3968 1995 4015 in
2013 3964 2405 4028 conspectum).
2422 3967 2560 4015 Cres.

1506 4044 1571 4093 de
1612 4044 1748 4093 Bell.
1773 4044 1885 4093 Civ.
1909 4056 1973 4093 n.
1996 4046 2081 4090 82.
2113 4044 2128 4070 ‘
2151 4040 2283 4091 Haee
2306 4048 2426 4090 acta
2446 4042 2559 4092 die-

1507 4120 1604 4169 bus
1624 4119 1989 4182 quadraginta,
2012 4115 2195 4179 quibus
2228 4116 2281 4165 in
2312 4132 2563 4183 eonspec-

1507 4202 1566 4245 tu
1585 4193 1991 4244 adversariorum
2007 4191 2239 4241 venerit.'

1572 4274 1602 4335 ς
1633 4275 1694 4320 13
1716 4272 1812 4321 Eos
1834 4270 2061 4339 Peiraieus
2080 4269 2314 4321 insecutas
2331 4283 2435 4317 cum
2452 4268 2565 4317 Cis-
