<?xml version="1.0" encoding="UTF-8"?>
<!DOCTYPE html PUBLIC "-//W3C//DTD XHTML 1.0 Transitional//EN"
    "http://www.w3.org/TR/xhtml1/DTD/xhtml1-transitional.dtd">
<html xmlns="http://www.w3.org/1999/xhtml" xml:lang="en" lang="en">
 <head>
  <title>
</title>
<meta http-equiv="Content-Type" content="text/html;charset=utf-8" />
  <meta name='ocr-system' content='tesseract 3.04.00' />
  <meta name='ocr-capabilities' content='ocr_page ocr_carea ocr_par ocr_line ocrx_word'/>
</head>
<body>
  <div class='ocr_page' id='page_1' title='image "./dictyscretensis01dresgoog_0266.png"; bbox 0 0 3173 4957; ppageno 0'>
   <div class='ocr_carea' id='block_1_1' title="bbox 600 391 735 458">
    <p class='ocr_par' dir='ltr' id='par_1_1' title="bbox 600 391 735 458">
     <span class='ocr_line' id='line_1_1' title="bbox 600 391 735 458; baseline 0 -2"><span class='ocrx_word' id='word_1_1' title='bbox 600 391 735 458; x_wconf 70' lang='lat'>6⁰8</span> 
     </span>
    </p>
   </div>
   <div class='ocr_carea' id='block_1_2' title="bbox 597 545 1675 2053">
    <p class='ocr_par' dir='ltr' id='par_1_2' title="bbox 597 545 1675 1965">
     <span class='ocr_line' id='line_1_2' title="bbox 604 545 1668 610; baseline -0.004 -12"><span class='ocrx_word' id='word_1_2' title='bbox 604 546 917 598; x_wconf 80' lang='lat' dir='ltr'>Thessandri</span> <span class='ocrx_word' id='word_1_3' title='bbox 940 546 1191 608; x_wconf 76' lang='lat' dir='ltr'><strong>meminit,</strong></span> <span class='ocrx_word' id='word_1_4' title='bbox 1214 545 1337 610; x_wconf 82' lang='lat' dir='ltr'>quia</span> <span class='ocrx_word' id='word_1_5' title='bbox 1356 546 1409 594; x_wconf 86' lang='lat' dir='ltr'>iu</span> <span class='ocrx_word' id='word_1_6' title='bbox 1431 546 1545 610; x_wconf 80' lang='lat' dir='ltr'>ipsa</span> <span class='ocrx_word' id='word_1_7' title='bbox 1576 559 1668 595; x_wconf 77' lang='lat' dir='ltr'>ex·</span> 
     </span>
     <span class='ocr_line' id='line_1_3' title="bbox 607 621 1669 687; baseline -0.004 -14"><span class='ocrx_word' id='word_1_8' title='bbox 607 624 871 687; x_wconf 82' lang='lat' dir='ltr'>peditioue</span> <span class='ocrx_word' id='word_1_9' title='bbox 902 623 1108 672; x_wconf 85' lang='lat' dir='ltr'>occisus</span> <span class='ocrx_word' id='word_1_10' title='bbox 1136 629 1411 685; x_wconf 79' lang='lat' dir='ltr'>antequam</span> <span class='ocrx_word' id='word_1_11' title='bbox 1444 621 1509 672; x_wconf 74' lang='lat' dir='ltr'>ad</span> <span class='ocrx_word' id='word_1_12' title='bbox 1542 623 1669 670; x_wconf 89' lang='lat' dir='ltr'>Tro·</span> 
     </span>
     <span class='ocr_line' id='line_1_4' title="bbox 597 696 1668 762; baseline -0.004 -14"><span class='ocrx_word' id='word_1_13' title='bbox 597 699 713 762; x_wconf 77' lang='lat' dir='ltr'>jam</span> <span class='ocrx_word' id='word_1_14' title='bbox 737 698 1036 759; x_wconf 77' lang='lat' dir='ltr'>veniretur3</span> <span class='ocrx_word' id='word_1_15' title='bbox 1074 711 1173 747; x_wconf 89' lang='lat' dir='ltr'>nec</span> <span class='ocrx_word' id='word_1_16' title='bbox 1188 698 1449 748; x_wconf 64' lang='lat' dir='ltr'>Thebana</span> <span class='ocrx_word' id='word_1_17' title='bbox 1470 696 1668 758; x_wconf 83' lang='lat' dir='ltr'>classis,</span> 
     </span>
     <span class='ocr_line' id='line_1_5' title="bbox 610 773 1666 839; baseline 0 -15"><span class='ocrx_word' id='word_1_18' title='bbox 610 776 731 839; x_wconf 86' lang='lat' dir='ltr'>quia</span> <span class='ocrx_word' id='word_1_19' title='bbox 762 774 1041 823; x_wconf 74' lang='lat' dir='ltr'>Veteribus</span> <span class='ocrx_word' id='word_1_20' title='bbox 1077 773 1271 823; x_wconf 75' lang='lat' dir='ltr'>Thebae</span> <span class='ocrx_word' id='word_1_21' title='bbox 1306 787 1458 837; x_wconf 68' lang='lat' dir='ltr'>atque</span> <span class='ocrx_word' id='word_1_22' title='bbox 1482 787 1542 822; x_wconf 84' lang='lat' dir='ltr'>ac</span> <span class='ocrx_word' id='word_1_23' title='bbox 1566 773 1666 824; x_wconf 75' lang='lat' dir='ltr'>Co-</span> 
     </span>
     <span class='ocr_line' id='line_1_6' title="bbox 608 848 1668 914; baseline -0.001 -15"><span class='ocrx_word' id='word_1_24' title='bbox 608 851 806 900; x_wconf 82' lang='lat' dir='ltr'>rinthus</span> <span class='ocrx_word' id='word_1_25' title='bbox 842 849 1053 914; x_wconf 77' lang='lat' dir='ltr'>&#39;Pi-ojani</span> <span class='ocrx_word' id='word_1_26' title='bbox 1084 848 1207 898; x_wconf 86' lang='lat' dir='ltr'>belli</span> <span class='ocrx_word' id='word_1_27' title='bbox 1242 855 1477 898; x_wconf 83' lang='lat' dir='ltr'>exsortes</span> <span class='ocrx_word' id='word_1_28' title='bbox 1510 848 1668 898; x_wconf 83' lang='lat' dir='ltr'>habe·</span> 
     </span>
     <span class='ocr_line' id='line_1_7' title="bbox 608 923 1664 986; baseline -0.003 -11"><span class='ocrx_word' id='word_1_29' title='bbox 608 925 816 976; x_wconf 85' lang='lat' dir='ltr'>bantur.</span> <span class='ocrx_word' id='word_1_30' title='bbox 898 925 1211 974; x_wconf 69' lang='lat' dir='ltr'><strong>scholiastes</strong></span> <span class='ocrx_word' id='word_1_31' title='bbox 1269 923 1625 986; x_wconf 76' lang='lat' dir='ltr'><strong>Lycophronis</strong></span> <span class='ocrx_word' id='word_1_32' title='bbox 1651 939 1664 972; x_wconf 77' lang='grc' dir='ltr'><strong><em>ι</em></strong></span> 
     </span>
     <span class='ocr_line' id='line_1_8' title="bbox 608 996 1670 1062; baseline -0.007 -11"><span class='ocrx_word' id='word_1_33' title='bbox 608 1002 781 1062; x_wconf 77' lang='grc' dir='ltr'><strong><em>Δοιμοΰ</em></strong></span> <span class='ocrx_word' id='word_1_34' title='bbox 790 999 1117 1062; x_wconf 73' lang='grc' dir='ltr'><strong><em>κατασχόντος</em></strong></span> <span class='ocrx_word' id='word_1_35' title='bbox 1124 998 1215 1058; x_wconf 78' lang='grc' dir='ltr'>τὴν</span> <span class='ocrx_word' id='word_1_36' title='bbox 1223 996 1450 1059; x_wconf 72' lang='grc' dir='ltr'><strong><em>Ἐλλάδα,</em></strong></span> <span class='ocrx_word' id='word_1_37' title='bbox 1462 997 1670 1061; x_wconf 72' lang='grc' dir='ltr'><strong><em>ἔχρησεν</em></strong></span> 
     </span>
     <span class='ocr_line' id='line_1_9' title="bbox 608 1074 1670 1142; baseline -0.004 -15"><span class='ocrx_word' id='word_1_38' title='bbox 608 1081 636 1127; x_wconf 75' lang='grc' dir='ltr'><strong>ὁ</strong></span> <span class='ocrx_word' id='word_1_39' title='bbox 654 1077 789 1142; x_wconf 74' lang='grc' dir='ltr'><strong><em>Θεὸς,</em></strong></span> <span class='ocrx_word' id='word_1_40' title='bbox 827 1078 891 1126; x_wconf 77' lang='grc' dir='ltr'><strong><em>τὰ</em></strong></span> <span class='ocrx_word' id='word_1_41' title='bbox 918 1079 1007 1126; x_wconf 80' lang='grc' dir='ltr'>τοῦ</span> <span class='ocrx_word' id='word_1_42' title='bbox 1022 1075 1254 1140; x_wconf 69' lang='grc' dir='ltr'><strong><em>’Ἕκτορος</em></strong></span> <span class='ocrx_word' id='word_1_43' title='bbox 1275 1074 1400 1124; x_wconf 75' lang='grc' dir='ltr'><strong><em>ὀστᾶ</em></strong></span> <span class='ocrx_word' id='word_1_44' title='bbox 1412 1074 1598 1134; x_wconf 79' lang='grc' dir='ltr'><strong><em>κείμενα</em></strong></span> <span class='ocrx_word' id='word_1_45' title='bbox 1617 1075 1670 1122; x_wconf 73' lang='grc' dir='ltr'>ἐν</span> 
     </span>
     <span class='ocr_line' id='line_1_10' title="bbox 610 1147 1671 1217; baseline -0.005 -14"><span class='ocrx_word' id='word_1_46' title='bbox 610 1154 793 1217; x_wconf 70' lang='grc' dir='ltr'><strong><em>ὂψρυνῷ</em></strong></span> <span class='ocrx_word' id='word_1_47' title='bbox 808 1152 940 1215; x_wconf 69' lang='grc' dir='ltr'><strong><em>τόσῳ</em></strong></span> <span class='ocrx_word' id='word_1_48' title='bbox 961 1155 1047 1210; x_wconf 83' lang='grc' dir='ltr'><strong><em>τῆς</em></strong></span> <span class='ocrx_word' id='word_1_49' title='bbox 1067 1150 1235 1214; x_wconf 74' lang='grc' dir='ltr'><strong><em>Τροΐας</em></strong></span> <span class='ocrx_word' id='word_1_50' title='bbox 1255 1153 1561 1212; x_wconf 67' lang='grc' dir='ltr'>μετενεγκεῖν</span> <span class='ocrx_word' id='word_1_51' title='bbox 1591 1147 1671 1198; x_wconf 74' lang='grc' dir='ltr'>ἐπί</span> 
     </span>
     <span class='ocr_line' id='line_1_11' title="bbox 608 1227 1669 1290; baseline -0.005 -11"><span class='ocrx_word' id='word_1_52' title='bbox 608 1248 714 1279; x_wconf 88' lang='grc' dir='ltr'><strong><em>τινα</em></strong></span> <span class='ocrx_word' id='word_1_53' title='bbox 721 1227 1127 1286; x_wconf 70' lang='grc' dir='ltr'><strong><em>πόλινῚίλληνίδα</em></strong></span> <span class='ocrx_word' id='word_1_54' title='bbox 1137 1228 1189 1276; x_wconf 70' lang='grc' dir='ltr'>ἐν</span> <span class='ocrx_word' id='word_1_55' title='bbox 1196 1228 1309 1290; x_wconf 76' lang='grc' dir='ltr'><strong><em>τιμῇ</em></strong></span> <span class='ocrx_word' id='word_1_56' title='bbox 1319 1227 1387 1287; x_wconf 75' lang='grc' dir='ltr'>μὴ</span> <span class='ocrx_word' id='word_1_57' title='bbox 1398 1227 1669 1288; x_wconf 79' lang='grc' dir='ltr'><strong><em>μετασχοῦ-</em></strong></span> 
     </span>
     <span class='ocr_line' id='line_1_12' title="bbox 610 1299 1670 1364; baseline -0.007 -9"><span class='ocrx_word' id='word_1_58' title='bbox 610 1323 703 1354; x_wconf 89' lang='grc' dir='ltr'>σαν</span> <span class='ocrx_word' id='word_1_59' title='bbox 721 1308 811 1363; x_wconf 83' lang='grc' dir='ltr'><strong><em>τῆς</em></strong></span> <span class='ocrx_word' id='word_1_60' title='bbox 833 1304 909 1352; x_wconf 65' lang='lat' dir='ltr'>hri</span> <span class='ocrx_word' id='word_1_61' title='bbox 920 1303 1071 1352; x_wconf 84' lang='grc' dir='ltr'><strong><em>Ἴλιον</em></strong></span> <span class='ocrx_word' id='word_1_62' title='bbox 1100 1299 1365 1364; x_wconf 82' lang='grc' dir='ltr'><strong><em>στρατείας.</em></strong></span> <span class='ocrx_word' id='word_1_63' title='bbox 1398 1301 1446 1350; x_wconf 77' lang='grc' dir='ltr'>οἴ</span> <span class='ocrx_word' id='word_1_64' title='bbox 1474 1299 1525 1350; x_wconf 76' lang='grc' dir='ltr'>δὲ</span> <span class='ocrx_word' id='word_1_65' title='bbox 1550 1300 1670 1349; x_wconf 78' lang='grc' dir='ltr'>Ἔλ-</span> 
     </span>
     <span class='ocr_line' id='line_1_13' title="bbox 611 1376 1671 1445; baseline -0.002 -15"><span class='ocrx_word' id='word_1_66' title='bbox 611 1392 753 1441; x_wconf 82' lang='grc' dir='ltr'><strong><em>ληνες</em></strong></span> <span class='ocrx_word' id='word_1_67' title='bbox 781 1380 994 1445; x_wconf 78' lang='grc' dir='ltr'><strong><em>εὑρόντες</em></strong></span> <span class='ocrx_word' id='word_1_68' title='bbox 1026 1379 1137 1428; x_wconf 79' lang='grc' dir='ltr'><strong><em>τοὺς</em></strong></span> <span class='ocrx_word' id='word_1_69' title='bbox 1174 1381 1226 1428; x_wconf 77' lang='grc' dir='ltr'>ἐν</span> <span class='ocrx_word' id='word_1_70' title='bbox 1246 1377 1469 1428; x_wconf 77' lang='grc' dir='ltr'><strong><em>Βοιωτίας</em></strong></span> <span class='ocrx_word' id='word_1_71' title='bbox 1490 1376 1671 1435; x_wconf 79' lang='grc' dir='ltr'><strong><em>Θήβαις</em></strong></span> 
     </span>
     <span class='ocr_line' id='line_1_14' title="bbox 612 1451 1670 1522; baseline -0.007 -14"><span class='ocrx_word' id='word_1_72' title='bbox 612 1458 677 1520; x_wconf 77' lang='grc' dir='ltr'>μὴ</span> <span class='ocrx_word' id='word_1_73' title='bbox 708 1455 1139 1522; x_wconf 73' lang='grc' dir='ltr'><strong><em>στρατευσαμένους</em></strong></span> <span class='ocrx_word' id='word_1_74' title='bbox 1160 1455 1238 1504; x_wconf 61' lang='lat' dir='ltr'>erl</span> <span class='ocrx_word' id='word_1_75' title='bbox 1250 1455 1420 1518; x_wconf 84' lang='grc' dir='ltr'><strong><em>Ἴλιον,</em></strong></span> <span class='ocrx_word' id='word_1_76' title='bbox 1451 1451 1670 1516; x_wconf 75' lang='grc' dir='ltr'><strong><em>ἐνεγκόν-</em></strong></span> 
     </span>
     <span class='ocr_line' id='line_1_15' title="bbox 611 1529 1671 1596; baseline -0.006 -12"><span class='ocrx_word' id='word_1_77' title='bbox 611 1553 695 1584; x_wconf 87' lang='grc' dir='ltr'><strong><em>τες</em></strong></span> <span class='ocrx_word' id='word_1_78' title='bbox 712 1536 775 1584; x_wconf 77' lang='grc' dir='ltr'><strong><em>τὰ</em></strong></span> <span class='ocrx_word' id='word_1_79' title='bbox 786 1536 876 1582; x_wconf 80' lang='grc' dir='ltr'>τοῦ</span> <span class='ocrx_word' id='word_1_80' title='bbox 890 1534 1037 1596; x_wconf 74' lang='grc' dir='ltr'><strong><em>ἥρωος</em></strong></span> <span class='ocrx_word' id='word_1_81' title='bbox 1057 1532 1257 1595; x_wconf 74' lang='grc' dir='ltr'><strong><em>λείψανα</em></strong></span> <span class='ocrx_word' id='word_1_82' title='bbox 1274 1530 1433 1581; x_wconf 72' lang='grc' dir='ltr'><strong><em>ἔθεντο</em></strong></span> <span class='ocrx_word' id='word_1_83' title='bbox 1452 1530 1560 1594; x_wconf 73' lang='grc' dir='ltr'><strong><em>περὶ</em></strong></span> <span class='ocrx_word' id='word_1_84' title='bbox 1580 1529 1671 1589; x_wconf 80' lang='grc' dir='ltr'>τὴν</span> 
     </span>
     <span class='ocr_line' id='line_1_16' title="bbox 614 1605 1670 1672; baseline -0.003 -13"><span class='ocrx_word' id='word_1_85' title='bbox 614 1609 921 1659; x_wconf 60' lang='lat' dir='ltr'>Oltam-otetur</span> <span class='ocrx_word' id='word_1_86' title='bbox 941 1608 1129 1672; x_wconf 81' lang='grc' dir='ltr'><strong><em>κρήνην.</em></strong></span> <span class='ocrx_word' id='word_1_87' title='bbox 1169 1610 1255 1658; x_wconf 89' lang='lat' dir='ltr'>De</span> <span class='ocrx_word' id='word_1_88' title='bbox 1280 1608 1519 1656; x_wconf 86' lang='lat' dir='ltr'>Cadmeis</span> <span class='ocrx_word' id='word_1_89' title='bbox 1536 1605 1670 1656; x_wconf 83' lang='lat' dir='ltr'>haud</span> 
     </span>
     <span class='ocr_line' id='line_1_17' title="bbox 612 1683 1674 1747; baseline -0.005 -12"><span class='ocrx_word' id='word_1_90' title='bbox 612 1685 770 1735; x_wconf 85' lang='lat' dir='ltr'>dubie</span> <span class='ocrx_word' id='word_1_91' title='bbox 793 1683 1182 1747; x_wconf 75' lang='lat' dir='ltr'>intelligendum</span> <span class='ocrx_word' id='word_1_92' title='bbox 1204 1684 1301 1732; x_wconf 86' lang='lat' dir='ltr'>boc</span> <span class='ocrx_word' id='word_1_93' title='bbox 1323 1690 1406 1732; x_wconf 87' lang='lat' dir='ltr'>est</span> <span class='ocrx_word' id='word_1_94' title='bbox 1420 1683 1505 1746; x_wconf 87' lang='lat' dir='ltr'>qui</span> <span class='ocrx_word' id='word_1_95' title='bbox 1518 1683 1674 1731; x_wconf 85' lang='lat' dir='ltr'>Thes-</span> 
     </span>
     <span class='ocr_line' id='line_1_18' title="bbox 615 1756 1675 1820; baseline -0.008 -8"><span class='ocrx_word' id='word_1_96' title='bbox 615 1761 804 1812; x_wconf 71' lang='lat' dir='ltr'>sondro</span> <span class='ocrx_word' id='word_1_97' title='bbox 849 1757 1131 1810; x_wconf 81' lang='lat' dir='ltr'>interfecto</span> <span class='ocrx_word' id='word_1_98' title='bbox 1182 1756 1384 1807; x_wconf 86' lang='lat' dir='ltr'>Thebas</span> <span class='ocrx_word' id='word_1_99' title='bbox 1426 1757 1675 1820; x_wconf 78' lang='lat' dir='ltr'>remigra-</span> 
     </span>
     <span class='ocr_line' id='line_1_19' title="bbox 616 1835 1674 1889; baseline -0.006 0"><span class='ocrx_word' id='word_1_100' title='bbox 616 1846 758 1889; x_wconf 86' lang='lat' dir='ltr'>runt.</span> <span class='ocrx_word' id='word_1_101' title='bbox 773 1838 897 1888; x_wconf 81' lang='lat' dir='ltr'>vid.</span> <span class='ocrx_word' id='word_1_102' title='bbox 912 1837 1169 1888; x_wconf 87' lang='lat' dir='ltr'>Diodorus</span> <span class='ocrx_word' id='word_1_103' title='bbox 1186 1835 1341 1885; x_wconf 88' lang='lat' dir='ltr'>Sicul.</span> <span class='ocrx_word' id='word_1_104' title='bbox 1355 1835 1493 1885; x_wconf 87' lang='lat' dir='ltr'>Bibl.</span> <span class='ocrx_word' id='word_1_105' title='bbox 1504 1849 1578 1884; x_wconf 79' lang='lat' dir='ltr'>xv.</span> <span class='ocrx_word' id='word_1_106' title='bbox 1591 1837 1674 1883; x_wconf 84' lang='grc'>68.</span> 
     </span>
     <span class='ocr_line' id='line_1_20' title="bbox 614 1918 773 1965; baseline -0.013 0"><span class='ocrx_word' id='word_1_107' title='bbox 614 1924 671 1965; x_wconf 89' lang='lat' dir='ltr'>et</span> <span class='ocrx_word' id='word_1_108' title='bbox 688 1918 773 1964; x_wconf 82' lang='grc'>69.</span> 
     </span>
    </p>

    <p class='ocr_par' dir='ltr' id='par_1_3' title="bbox 683 1985 1672 2053">
     <span class='ocr_line' id='line_1_21' title="bbox 683 1985 1672 2053; baseline -0.004 -15"><span class='ocrx_word' id='word_1_109' title='bbox 683 1991 849 2053; x_wconf 77' lang='lat' dir='ltr'>Neque</span> <span class='ocrx_word' id='word_1_110' title='bbox 882 1990 1059 2052; x_wconf 78' lang='lat' dir='ltr'>pretio,</span> <span class='ocrx_word' id='word_1_111' title='bbox 1088 2003 1232 2050; x_wconf 76' lang='lat' dir='ltr'>neque</span> <span class='ocrx_word' id='word_1_112' title='bbox 1254 1986 1445 2049; x_wconf 58' lang='lat' dir='ltr'>motio]</span> <span class='ocrx_word' id='word_1_113' title='bbox 1480 1985 1672 2036; x_wconf 86' lang='lat' dir='ltr'>Sallus-</span> 
     </span>
    </p>
   </div>
   <div class='ocr_carea' id='block_1_3' title="bbox 861 391 1660 454">
    <p class='ocr_par' dir='ltr' id='par_1_4' title="bbox 861 391 1660 454">
     <span class='ocr_line' id='line_1_22' title="bbox 861 391 1660 454; baseline -0.001 -2"><span class='ocrx_word' id='word_1_114' title='bbox 861 405 1078 454; x_wconf 73' lang='lat' dir='ltr'>No&#39;rAE</span> <span class='ocrx_word' id='word_1_115' title='bbox 1132 391 1471 454; x_wconf 72' lang='lat' dir='ltr'>VAR&#39;IORU</span> <span class='ocrx_word' id='word_1_116' title='bbox 1486 406 1540 452; x_wconf 83' lang='lat' dir='ltr'>M·</span> <span class='ocrx_word' id='word_1_117' title='bbox 1586 404 1660 452; x_wconf 75' lang='lat' dir='ltr'>m</span> 
     </span>
    </p>
   </div>
   <div class='ocr_carea' id='block_1_4' title="bbox 616 2063 1683 4234">
    <p class='ocr_par' dir='ltr' id='par_1_5' title="bbox 616 2063 1678 2719">
     <span class='ocr_line' id='line_1_23' title="bbox 618 2063 1673 2126; baseline -0.006 -10"><span class='ocrx_word' id='word_1_118' title='bbox 618 2067 719 2116; x_wconf 86' lang='lat' dir='ltr'>tius</span> <span class='ocrx_word' id='word_1_119' title='bbox 755 2065 874 2116; x_wconf 81' lang='lat' dir='ltr'>Cat.</span> <span class='ocrx_word' id='word_1_120' title='bbox 908 2070 993 2115; x_wconf 80' lang='lat'>49.</span> <span class='ocrx_word' id='word_1_121' title='bbox 1027 2066 1043 2091; x_wconf 98' lang='lat'>‘</span> <span class='ocrx_word' id='word_1_122' title='bbox 1068 2064 1175 2113; x_wconf 89' lang='lat' dir='ltr'>Sed</span> <span class='ocrx_word' id='word_1_123' title='bbox 1210 2063 1393 2112; x_wconf 87' lang='lat' dir='ltr'>iisdem</span> <span class='ocrx_word' id='word_1_124' title='bbox 1428 2063 1673 2126; x_wconf 87' lang='lat' dir='ltr'>tempori·</span> 
     </span>
     <span class='ocr_line' id='line_1_24' title="bbox 616 2138 1674 2201; baseline -0.005 -10"><span class='ocrx_word' id='word_1_125' title='bbox 616 2143 714 2192; x_wconf 84' lang='lat' dir='ltr'>hus</span> <span class='ocrx_word' id='word_1_126' title='bbox 738 2142 805 2195; x_wconf 82' lang='lat' dir='ltr'>Q.</span> <span class='ocrx_word' id='word_1_127' title='bbox 818 2140 1033 2189; x_wconf 84' lang='lat' dir='ltr'>Catulus</span> <span class='ocrx_word' id='word_1_128' title='bbox 1049 2147 1106 2188; x_wconf 89' lang='lat' dir='ltr'>et</span> <span class='ocrx_word' id='word_1_129' title='bbox 1117 2139 1213 2188; x_wconf 86' lang='lat' dir='ltr'>Cn.</span> <span class='ocrx_word' id='word_1_130' title='bbox 1228 2138 1351 2186; x_wconf 87' lang='lat' dir='ltr'>Piso</span> <span class='ocrx_word' id='word_1_131' title='bbox 1368 2151 1536 2201; x_wconf 84' lang='lat' dir='ltr'>neque</span> <span class='ocrx_word' id='word_1_132' title='bbox 1556 2151 1674 2200; x_wconf 87' lang='lat' dir='ltr'>pre-</span> 
     </span>
     <span class='ocr_line' id='line_1_25' title="bbox 619 2213 1675 2278; baseline -0.003 -13"><span class='ocrx_word' id='word_1_133' title='bbox 619 2215 785 2278; x_wconf 85' lang='lat' dir='ltr'>cibus,</span> <span class='ocrx_word' id='word_1_134' title='bbox 841 2229 1011 2277; x_wconf 89' lang='lat' dir='ltr'>neque</span> <span class='ocrx_word' id='word_1_135' title='bbox 1064 2213 1248 2277; x_wconf 80' lang='lat' dir='ltr'>gratia,</span> <span class='ocrx_word' id='word_1_136' title='bbox 1290 2227 1457 2277; x_wconf 86' lang='lat' dir='ltr'>neque</span> <span class='ocrx_word' id='word_1_137' title='bbox 1502 2213 1675 2274; x_wconf 87' lang='lat' dir='ltr'>pretio</span> 
     </span>
     <span class='ocr_line' id='line_1_26' title="bbox 620 2288 1676 2351; baseline -0.004 -10"><span class='ocrx_word' id='word_1_138' title='bbox 620 2292 921 2341; x_wconf 81' lang='lat' dir='ltr'>Ciceronem</span> <span class='ocrx_word' id='word_1_139' title='bbox 966 2289 1233 2350; x_wconf 78' lang='lat' dir='ltr'><strong>impellere</strong></span> <span class='ocrx_word' id='word_1_140' title='bbox 1279 2288 1530 2351; x_wconf 83' lang='lat' dir='ltr'>potuere,’</span> <span class='ocrx_word' id='word_1_141' title='bbox 1576 2290 1676 2338; x_wconf 75' lang='grc' dir='ltr'><strong><em>διο.</em></strong></span> 
     </span>
     <span class='ocr_line' id='line_1_27' title="bbox 618 2361 1678 2426; baseline -0.001 -12"><span class='ocrx_word' id='word_1_142' title='bbox 618 2374 891 2425; x_wconf 83' lang='lat' dir='ltr'>utrumque</span> <span class='ocrx_word' id='word_1_143' title='bbox 912 2377 979 2411; x_wconf 87' lang='lat' dir='ltr'>ex</span> <span class='ocrx_word' id='word_1_144' title='bbox 1004 2364 1060 2411; x_wconf 89' lang='lat' dir='ltr'>L.</span> <span class='ocrx_word' id='word_1_145' title='bbox 1086 2361 1237 2411; x_wconf 80' lang='lat' dir='ltr'>Attio</span> <span class='ocrx_word' id='word_1_146' title='bbox 1276 2371 1557 2424; x_wconf 85' lang='lat' dir='ltr'>sumptum,</span> <span class='ocrx_word' id='word_1_147' title='bbox 1590 2364 1678 2426; x_wconf 88' lang='lat' dir='ltr'>qui</span> 
     </span>
     <span class='ocr_line' id='line_1_28' title="bbox 621 2437 1672 2507; baseline -0.005 -14"><span class='ocrx_word' id='word_1_148' title='bbox 621 2442 756 2507; x_wconf 87' lang='lat' dir='ltr'>apud</span> <span class='ocrx_word' id='word_1_149' title='bbox 803 2438 1109 2489; x_wconf 81' lang='lat' dir='ltr'>Diomedem</span> <span class='ocrx_word' id='word_1_150' title='bbox 1165 2453 1206 2489; x_wconf 83' lang='grc' dir='ltr'>ι.</span> <span class='ocrx_word' id='word_1_151' title='bbox 1264 2437 1330 2489; x_wconf 92' lang='lat' dir='ltr'>de</span> <span class='ocrx_word' id='word_1_152' title='bbox 1368 2437 1672 2490; x_wconf 85' lang='lat' dir='ltr'>Anomalis.</span> 
     </span>
     <span class='ocr_line' id='line_1_29' title="bbox 623 2516 1679 2580; baseline -0.006 -11"><span class='ocrx_word' id='word_1_153' title='bbox 623 2522 640 2548; x_wconf 89' lang='lat'>‘</span> <span class='ocrx_word' id='word_1_154' title='bbox 659 2519 797 2569; x_wconf 85' lang='lat' dir='ltr'>Nam</span> <span class='ocrx_word' id='word_1_155' title='bbox 818 2529 985 2579; x_wconf 84' lang='lat' dir='ltr'>neque</span> <span class='ocrx_word' id='word_1_156' title='bbox 1009 2516 1196 2577; x_wconf 87' lang='lat' dir='ltr'>pretio,</span> <span class='ocrx_word' id='word_1_157' title='bbox 1216 2516 1407 2580; x_wconf 83' lang='lat' dir='ltr'>Neque</span> <span class='ocrx_word' id='word_1_158' title='bbox 1432 2516 1679 2577; x_wconf 85' lang='lat' dir='ltr'>amicitia,</span> 
     </span>
     <span class='ocr_line' id='line_1_30' title="bbox 624 2590 1680 2657; baseline -0.002 -14"><span class='ocrx_word' id='word_1_159' title='bbox 624 2607 795 2657; x_wconf 85' lang='lat' dir='ltr'>neque</span> <span class='ocrx_word' id='word_1_160' title='bbox 833 2591 885 2641; x_wconf 82' lang='lat' dir='ltr'>vi</span> <span class='ocrx_word' id='word_1_161' title='bbox 923 2590 1118 2655; x_wconf 83' lang='lat' dir='ltr'>impelli</span> <span class='ocrx_word' id='word_1_162' title='bbox 1140 2605 1308 2654; x_wconf 87' lang='lat' dir='ltr'>neque</span> <span class='ocrx_word' id='word_1_163' title='bbox 1332 2605 1489 2655; x_wconf 80' lang='lat' dir='ltr'>prece</span> <span class='ocrx_word' id='word_1_164' title='bbox 1514 2591 1680 2656; x_wconf 87' lang='lat' dir='ltr'>quitu’</span> 
     </span>
     <span class='ocr_line' id='line_1_31' title="bbox 624 2668 776 2719; baseline -0.02 0"><span class='ocrx_word' id='word_1_165' title='bbox 624 2668 776 2719; x_wconf 65' lang='lat' dir='ltr'>sum!</span> 
     </span>
    </p>

    <p class='ocr_par' dir='ltr' id='par_1_6' title="bbox 622 2741 1683 4234">
     <span class='ocr_line' id='line_1_32' title="bbox 692 2741 1679 2805; baseline -0.005 -10"><span class='ocrx_word' id='word_1_166' title='bbox 692 2743 911 2795; x_wconf 77' lang='lat' dir='ltr'>Photidis</span> <span class='ocrx_word' id='word_1_167' title='bbox 934 2742 1235 2791; x_wconf 74' lang='lat' dir='ltr'>Sidoniorum</span> <span class='ocrx_word' id='word_1_168' title='bbox 1265 2741 1442 2805; x_wconf 76' lang='lat' dir='ltr'>Regis]</span> <span class='ocrx_word' id='word_1_169' title='bbox 1471 2742 1679 2791; x_wconf 85' lang='lat' dir='ltr'>Merce-</span> 
     </span>
     <span class='ocr_line' id='line_1_33' title="bbox 622 2815 1682 2879; baseline -0.005 -11"><span class='ocrx_word' id='word_1_170' title='bbox 622 2820 757 2869; x_wconf 78' lang='lat' dir='ltr'>riani</span> <span class='ocrx_word' id='word_1_171' title='bbox 773 2818 937 2867; x_wconf 86' lang='lat' dir='ltr'>Codd.</span> <span class='ocrx_word' id='word_1_172' title='bbox 959 2818 975 2844; x_wconf 90' lang='lat'>‘</span> <span class='ocrx_word' id='word_1_173' title='bbox 990 2815 1203 2878; x_wconf 75' lang='lat' dir='ltr'>Frigio‚’</span> <span class='ocrx_word' id='word_1_174' title='bbox 1226 2822 1281 2864; x_wconf 88' lang='lat' dir='ltr'>et</span> <span class='ocrx_word' id='word_1_175' title='bbox 1296 2818 1312 2843; x_wconf 98' lang='lat'>‘</span> <span class='ocrx_word' id='word_1_176' title='bbox 1326 2815 1533 2879; x_wconf 73' lang='lat' dir='ltr'>Frigie:</span> <span class='ocrx_word' id='word_1_177' title='bbox 1553 2815 1682 2879; x_wconf 75' lang='lat' dir='ltr'>Arg.</span> 
     </span>
     <span class='ocr_line' id='line_1_34' title="bbox 622 2890 1679 2956; baseline -0.004 -13"><span class='ocrx_word' id='word_1_178' title='bbox 622 2902 637 2923; x_wconf 88' lang='lat'>‘</span> <span class='ocrx_word' id='word_1_179' title='bbox 650 2892 900 2956; x_wconf 58' lang='lat' dir='ltr'>Phrygii?</span> <span class='ocrx_word' id='word_1_180' title='bbox 920 2892 1196 2940; x_wconf 73' lang='lat' dir='ltr'>Glossema</span> <span class='ocrx_word' id='word_1_181' title='bbox 1218 2890 1269 2938; x_wconf 86' lang='lat' dir='ltr'>id</span> <span class='ocrx_word' id='word_1_182' title='bbox 1288 2890 1530 2954; x_wconf 87' lang='lat' dir='ltr'>puto,sed</span> <span class='ocrx_word' id='word_1_183' title='bbox 1544 2890 1679 2954; x_wconf 87' lang='lat' dir='ltr'>quod</span> 
     </span>
     <span class='ocr_line' id='line_1_35' title="bbox 622 2965 1681 3019; baseline -0.004 0"><span class='ocrx_word' id='word_1_184' title='bbox 622 2970 688 3019; x_wconf 81' lang='lat' dir='ltr'>ad</span> <span class='ocrx_word' id='word_1_185' title='bbox 729 2981 902 3016; x_wconf 85' lang='lat' dir='ltr'>veram</span> <span class='ocrx_word' id='word_1_186' title='bbox 942 2965 1216 3014; x_wconf 86' lang='lat' dir='ltr'>lectionem</span> <span class='ocrx_word' id='word_1_187' title='bbox 1242 2965 1376 3014; x_wconf 85' lang='lat' dir='ltr'>viam</span> <span class='ocrx_word' id='word_1_188' title='bbox 1408 2974 1681 3017; x_wconf 83' lang='lat' dir='ltr'>monstrat.</span> 
     </span>
     <span class='ocr_line' id='line_1_36' title="bbox 624 3039 1682 3105; baseline -0.002 -13"><span class='ocrx_word' id='word_1_189' title='bbox 624 3043 887 3105; x_wconf 80' lang='lat' dir='ltr'>Scriptum</span> <span class='ocrx_word' id='word_1_190' title='bbox 933 3040 1137 3089; x_wconf 88' lang='lat' dir='ltr'>scilicet</span> <span class='ocrx_word' id='word_1_191' title='bbox 1181 3039 1385 3089; x_wconf 79' lang='lat' dir='ltr'>fuerat:</span> <span class='ocrx_word' id='word_1_192' title='bbox 1444 3042 1460 3067; x_wconf 88' lang='lat'>‘</span> <span class='ocrx_word' id='word_1_193' title='bbox 1484 3041 1682 3090; x_wconf 85' lang='lat' dir='ltr'>Balidis</span> 
     </span>
     <span class='ocr_line' id='line_1_37' title="bbox 624 3114 1681 3178; baseline 0 -11"><span class='ocrx_word' id='word_1_194' title='bbox 624 3118 949 3167; x_wconf 88' lang='lat' dir='ltr'>Sidoniorum</span> <span class='ocrx_word' id='word_1_195' title='bbox 972 3114 1143 3178; x_wconf 75' lang='lat' dir='ltr'>regis,&#39;</span> <span class='ocrx_word' id='word_1_196' title='bbox 1164 3119 1219 3164; x_wconf 88' lang='lat' dir='ltr'>et</span> <span class='ocrx_word' id='word_1_197' title='bbox 1243 3116 1352 3165; x_wconf 83' lang='lat' dir='ltr'>sive</span> <span class='ocrx_word' id='word_1_198' title='bbox 1381 3117 1516 3166; x_wconf 87' lang='lat' dir='ltr'>inter</span> <span class='ocrx_word' id='word_1_199' title='bbox 1553 3118 1681 3167; x_wconf 87' lang='lat' dir='ltr'>line·</span> 
     </span>
     <span class='ocr_line' id='line_1_38' title="bbox 626 3190 1682 3253; baseline 0.001 -12"><span class='ocrx_word' id='word_1_200' title='bbox 626 3208 705 3253; x_wconf 85' lang='lat' dir='ltr'>as,</span> <span class='ocrx_word' id='word_1_201' title='bbox 724 3192 831 3241; x_wconf 81' lang='lat' dir='ltr'>sive</span> <span class='ocrx_word' id='word_1_202' title='bbox 854 3192 905 3239; x_wconf 88' lang='lat' dir='ltr'>in</span> <span class='ocrx_word' id='word_1_203' title='bbox 928 3190 1155 3252; x_wconf 76' lang='lat' dir='ltr'>margine</span> <span class='ocrx_word' id='word_1_204' title='bbox 1179 3198 1476 3240; x_wconf 84' lang='lat' dir='ltr'>annotatum</span> <span class='ocrx_word' id='word_1_205' title='bbox 1498 3208 1511 3239; x_wconf 71' lang='grc' dir='ltr'><strong><em>ι</em></strong></span> <span class='ocrx_word' id='word_1_206' title='bbox 1545 3195 1560 3220; x_wconf 92' lang='lat'>‘</span> <span class='ocrx_word' id='word_1_207' title='bbox 1579 3193 1682 3243; x_wconf 85' lang='lat' dir='ltr'>Ba-</span> 
     </span>
     <span class='ocr_line' id='line_1_39' title="bbox 623 3265 1682 3329; baseline -0.002 -11"><span class='ocrx_word' id='word_1_208' title='bbox 623 3270 687 3318; x_wconf 87' lang='lat' dir='ltr'>lis</span> <span class='ocrx_word' id='word_1_209' title='bbox 712 3269 824 3317; x_wconf 81' lang='lat' dir='ltr'>Rex</span> <span class='ocrx_word' id='word_1_210' title='bbox 849 3265 1111 3329; x_wconf 67' lang='lat' dir='ltr'>Phrygio:</span> <span class='ocrx_word' id='word_1_211' title='bbox 1145 3280 1248 3328; x_wconf 89' lang='lat' dir='ltr'>quo</span> <span class='ocrx_word' id='word_1_212' title='bbox 1286 3267 1500 3323; x_wconf 84' lang='lat' dir='ltr'>scholio,</span> <span class='ocrx_word' id='word_1_213' title='bbox 1532 3266 1682 3316; x_wconf 79' lang='lat' dir='ltr'>Grae-</span> 
     </span>
     <span class='ocr_line' id='line_1_40' title="bbox 626 3340 1681 3405; baseline -0.003 -12"><span class='ocrx_word' id='word_1_214' title='bbox 626 3345 703 3394; x_wconf 86' lang='lat' dir='ltr'>cis</span> <span class='ocrx_word' id='word_1_215' title='bbox 734 3348 882 3392; x_wconf 86' lang='lat' dir='ltr'>certe</span> <span class='ocrx_word' id='word_1_216' title='bbox 914 3340 1305 3403; x_wconf 84' lang='lat' dir='ltr'>Glossographis</span> <span class='ocrx_word' id='word_1_217' title='bbox 1328 3356 1429 3390; x_wconf 87' lang='lat' dir='ltr'>non</span> <span class='ocrx_word' id='word_1_218' title='bbox 1452 3340 1681 3405; x_wconf 83' lang='lat' dir='ltr'>incogni-</span> 
     </span>
     <span class='ocr_line' id='line_1_41' title="bbox 624 3416 1682 3481; baseline -0.006 -10"><span class='ocrx_word' id='word_1_219' title='bbox 624 3427 703 3481; x_wconf 89' lang='lat' dir='ltr'>to,</span> <span class='ocrx_word' id='word_1_220' title='bbox 716 3417 950 3467; x_wconf 87' lang='lat' dir='ltr'>Balidem</span> <span class='ocrx_word' id='word_1_221' title='bbox 965 3416 1193 3477; x_wconf 78' lang='lat' dir='ltr'>Phrygia</span> <span class='ocrx_word' id='word_1_222' title='bbox 1213 3416 1383 3476; x_wconf 82' lang='lat' dir='ltr'>lingua</span> <span class='ocrx_word' id='word_1_223' title='bbox 1399 3431 1571 3479; x_wconf 82' lang='lat' dir='ltr'>regem</span> <span class='ocrx_word' id='word_1_224' title='bbox 1592 3432 1682 3465; x_wconf 90' lang='lat' dir='ltr'>no·</span> 
     </span>
     <span class='ocr_line' id='line_1_42' title="bbox 627 3490 1680 3554; baseline -0.003 -10"><span class='ocrx_word' id='word_1_225' title='bbox 627 3501 738 3545; x_wconf 81' lang='lat' dir='ltr'>tare</span> <span class='ocrx_word' id='word_1_226' title='bbox 780 3490 1185 3554; x_wconf 72' lang='lat' dir='ltr'>significabatur.</span> <span class='ocrx_word' id='word_1_227' title='bbox 1253 3491 1509 3540; x_wconf 85' lang='lat' dir='ltr'>Nimirum</span> <span class='ocrx_word' id='word_1_228' title='bbox 1548 3493 1680 3541; x_wconf 87' lang='lat' dir='ltr'>indi-</span> 
     </span>
     <span class='ocr_line' id='line_1_43' title="bbox 626 3566 1680 3631; baseline -0.001 -13"><span class='ocrx_word' id='word_1_229' title='bbox 626 3570 745 3618; x_wconf 86' lang='lat' dir='ltr'>dem</span> <span class='ocrx_word' id='word_1_230' title='bbox 765 3568 970 3618; x_wconf 84' lang='lat' dir='ltr'>Glossae</span> <span class='ocrx_word' id='word_1_231' title='bbox 992 3567 1195 3627; x_wconf 78' lang='lat' dir='ltr'>author,</span> <span class='ocrx_word' id='word_1_232' title='bbox 1218 3566 1353 3615; x_wconf 87' lang='lat' dir='ltr'>unde</span> <span class='ocrx_word' id='word_1_233' title='bbox 1388 3568 1680 3631; x_wconf 77' lang='lat' dir='ltr'>Hesychius</span> 
     </span>
     <span class='ocr_line' id='line_1_44' title="bbox 627 3640 1680 3706; baseline -0.003 -11"><span class='ocrx_word' id='word_1_234' title='bbox 627 3645 807 3697; x_wconf 83' lang='lat' dir='ltr'>sumsit</span> <span class='ocrx_word' id='word_1_235' title='bbox 820 3659 833 3692; x_wconf 75' lang='lat' dir='ltr'><strong><em>z</em></strong></span> <span class='ocrx_word' id='word_1_236' title='bbox 850 3640 1026 3700; x_wconf 81' lang='grc' dir='ltr'><strong><em>Βαλήν·</em></strong></span> <span class='ocrx_word' id='word_1_237' title='bbox 1038 3641 1279 3699; x_wconf 77' lang='grc' dir='ltr'><strong><em>βασιλεύς.</em></strong></span> <span class='ocrx_word' id='word_1_238' title='bbox 1290 3643 1530 3706; x_wconf 59' lang='lat' dir='ltr'>§peyne-ri.</span> <span class='ocrx_word' id='word_1_239' title='bbox 1554 3644 1680 3692; x_wconf 88' lang='lat' dir='ltr'>Plu·</span> 
     </span>
     <span class='ocr_line' id='line_1_45' title="bbox 629 3718 1681 3782; baseline -0.005 -10"><span class='ocrx_word' id='word_1_240' title='bbox 629 3722 792 3772; x_wconf 81' lang='lat' dir='ltr'>tarch.</span> <span class='ocrx_word' id='word_1_241' title='bbox 828 3720 894 3769; x_wconf 90' lang='lat' dir='ltr'>de</span> <span class='ocrx_word' id='word_1_242' title='bbox 938 3719 1276 3777; x_wconf 83' lang='lat' dir='ltr'>Fluminibus,</span> <span class='ocrx_word' id='word_1_243' title='bbox 1299 3718 1385 3767; x_wconf 91' lang='lat' dir='ltr'>ubi</span> <span class='ocrx_word' id='word_1_244' title='bbox 1409 3719 1475 3768; x_wconf 86' lang='lat' dir='ltr'>de</span> <span class='ocrx_word' id='word_1_245' title='bbox 1497 3719 1681 3782; x_wconf 85' lang='lat' dir='ltr'>Sagari</span> 
     </span>
     <span class='ocr_line' id='line_1_46' title="bbox 626 3791 1682 3860; baseline -0.003 -14"><span class='ocrx_word' id='word_1_246' title='bbox 626 3796 870 3860; x_wconf 67' lang='lat' dir='ltr'>Phrygiae</span> <span class='ocrx_word' id='word_1_247' title='bbox 894 3795 1156 3858; x_wconf 83' lang='lat' dir='ltr'>loquitur:</span> <span class='ocrx_word' id='word_1_248' title='bbox 1188 3791 1462 3856; x_wconf 73' lang='grc' dir='ltr'><strong><em>παράκειται</em></strong></span> <span class='ocrx_word' id='word_1_249' title='bbox 1482 3792 1534 3843; x_wconf 75' lang='grc' dir='ltr'>δὲ</span> <span class='ocrx_word' id='word_1_250' title='bbox 1554 3795 1682 3856; x_wconf 69' lang='grc' dir='ltr'><strong><em>αὐτῷ</em></strong></span> 
     </span>
     <span class='ocr_line' id='line_1_47' title="bbox 628 3866 1682 3933; baseline -0.003 -12"><span class='ocrx_word' id='word_1_251' title='bbox 628 3873 733 3933; x_wconf 77' lang='grc' dir='ltr'><strong><em>ὅρος</em></strong></span> <span class='ocrx_word' id='word_1_252' title='bbox 768 3871 1065 3926; x_wconf 78' lang='grc' dir='ltr'><strong><em>Βαλληναῖον</em></strong></span> <span class='ocrx_word' id='word_1_253' title='bbox 1101 3866 1413 3931; x_wconf 73' lang='grc' dir='ltr'><strong><em>καλούμενον,</em></strong></span> <span class='ocrx_word' id='word_1_254' title='bbox 1444 3869 1556 3933; x_wconf 71' lang='grc' dir='ltr'><strong><em>ὅπερ</em></strong></span> <span class='ocrx_word' id='word_1_255' title='bbox 1578 3868 1682 3918; x_wconf 74' lang='grc' dir='ltr'><strong><em>ἐστὶ</em></strong></span> 
     </span>
     <span class='ocr_line' id='line_1_48' title="bbox 628 3945 1682 4012; baseline 0 -15"><span class='ocrx_word' id='word_1_256' title='bbox 628 3945 1102 4012; x_wconf 81' lang='grc' dir='ltr'><strong><em>μεθερμηνενυόμενον</em></strong></span> <span class='ocrx_word' id='word_1_257' title='bbox 1130 3945 1395 4001; x_wconf 80' lang='grc' dir='ltr'><strong><em>βασιλικόν.</em></strong></span> <span class='ocrx_word' id='word_1_258' title='bbox 1464 3946 1682 3997; x_wconf 69' lang='lat' dir='ltr'>Referu</span> 
     </span>
     <span class='ocr_line' id='line_1_49' title="bbox 626 4022 1681 4086; baseline -0.001 -13"><span class='ocrx_word' id='word_1_259' title='bbox 626 4025 728 4073; x_wconf 87' lang='lat' dir='ltr'>huc</span> <span class='ocrx_word' id='word_1_260' title='bbox 750 4032 807 4073; x_wconf 87' lang='lat' dir='ltr'>et</span> <span class='ocrx_word' id='word_1_261' title='bbox 828 4023 1171 4086; x_wconf 81' lang='lat' dir='ltr'>Euphorionis</span> <span class='ocrx_word' id='word_1_262' title='bbox 1195 4022 1557 4082; x_wconf 85' lang='lat' dir='ltr'>testimonium,</span> <span class='ocrx_word' id='word_1_263' title='bbox 1584 4023 1681 4072; x_wconf 86' lang='lat' dir='ltr'>sed</span> 
     </span>
     <span class='ocr_line' id='line_1_50' title="bbox 627 4098 1683 4161; baseline 0 -14"><span class='ocrx_word' id='word_1_264' title='bbox 627 4100 733 4148; x_wconf 83' lang='lat' dir='ltr'>levi</span> <span class='ocrx_word' id='word_1_265' title='bbox 772 4099 957 4148; x_wconf 87' lang='lat' dir='ltr'>mendo</span> <span class='ocrx_word' id='word_1_266' title='bbox 996 4105 1357 4161; x_wconf 74' lang='lat' dir='ltr'>expurgatum,</span> <span class='ocrx_word' id='word_1_267' title='bbox 1392 4098 1530 4161; x_wconf 82' lang='lat' dir='ltr'>apud</span> <span class='ocrx_word' id='word_1_268' title='bbox 1568 4098 1683 4147; x_wconf 87' lang='lat' dir='ltr'>AEs-</span> 
     </span>
     <span class='ocr_line' id='line_1_51' title="bbox 632 4173 1683 4234; baseline 0.002 -14"><span class='ocrx_word' id='word_1_269' title='bbox 632 4173 769 4234; x_wconf 76' lang='lat' dir='ltr'>chyli</span> <span class='ocrx_word' id='word_1_270' title='bbox 798 4173 1116 4223; x_wconf 84' lang='lat' dir='ltr'>Scholiasten</span> <span class='ocrx_word' id='word_1_271' title='bbox 1137 4174 1189 4223; x_wconf 89' lang='lat' dir='ltr'>in</span> <span class='ocrx_word' id='word_1_272' title='bbox 1210 4173 1358 4223; x_wconf 84' lang='lat' dir='ltr'>Pers.</span> <span class='ocrx_word' id='word_1_273' title='bbox 1378 4178 1491 4223; x_wconf 87' lang='grc'><strong>606.</strong></span> <span class='ocrx_word' id='word_1_274' title='bbox 1520 4173 1683 4232; x_wconf 54' lang='lat' dir='ltr'>fici-mv</span> 
     </span>
    </p>
   </div>
   <div class='ocr_carea' id='block_1_5' title="bbox 633 4244 1682 4329">
    <p class='ocr_par' dir='ltr' id='par_1_7' title="bbox 633 4244 1682 4329">
     <span class='ocr_line' id='line_1_52' title="bbox 633 4244 1682 4329; baseline 0.002 -34"><span class='ocrx_word' id='word_1_275' title='bbox 633 4248 661 4295; x_wconf 73' lang='lat' dir='ltr'>s</span> <span class='ocrx_word' id='word_1_276' title='bbox 690 4244 916 4305; x_wconf 67' lang='grc' dir='ltr'>βασιλεὺς</span> <span class='ocrx_word' id='word_1_277' title='bbox 944 4245 1155 4329; x_wconf 58' lang='grc' dir='ltr'>λέγεται.</span> <span class='ocrx_word' id='word_1_278' title='bbox 1218 4244 1457 4311; x_wconf 71' lang='grc' dir='ltr'><strong><em>Εὐφορίων</em></strong></span> <span class='ocrx_word' id='word_1_279' title='bbox 1490 4246 1545 4297; x_wconf 80' lang='grc' dir='ltr'>δέ</span> <span class='ocrx_word' id='word_1_280' title='bbox 1560 4256 1682 4310; x_wconf 75' lang='grc' dir='ltr'>φησι</span> 
     </span>
    </p>
   </div>
   <div class='ocr_carea' id='block_1_6' title="bbox 1717 403 2536 454">
    <p class='ocr_par' dir='ltr' id='par_1_8' title="bbox 1717 403 2536 454">
     <span class='ocr_line' id='line_1_53' title="bbox 1717 403 2536 454; baseline 0.002 -2"><span class='ocrx_word' id='word_1_281' title='bbox 1717 405 2012 454; x_wconf 77' lang='grc' dir='ltr'><strong>ΒῙΟΤΥΜ</strong></span> <span class='ocrx_word' id='word_1_282' title='bbox 2061 403 2536 454; x_wconf 72' lang='lat' dir='ltr'>ORETENSEM.</span> 
     </span>
    </p>
   </div>
   <div class='ocr_carea' id='block_1_7' title="bbox 1741 545 2820 3263">
    <p class='ocr_par' dir='ltr' id='par_1_9' title="bbox 1741 545 2814 1506">
     <span class='ocr_line' id='line_1_54' title="bbox 1741 545 2813 610; baseline -0.001 -14"><span class='ocrx_word' id='word_1_283' title='bbox 1741 545 1948 610; x_wconf 68' lang='grc' dir='ltr'><strong><em>Θουρίων</em></strong></span> <span class='ocrx_word' id='word_1_284' title='bbox 1967 546 2084 596; x_wconf 74' lang='grc' dir='ltr'><strong><em>εἶναι</em></strong></span> <span class='ocrx_word' id='word_1_285' title='bbox 2095 548 2189 606; x_wconf 73' lang='grc' dir='ltr'>τὴν</span> <span class='ocrx_word' id='word_1_286' title='bbox 2203 545 2469 596; x_wconf 74' lang='grc' dir='ltr'><strong><em>διάλεκτον.</em></strong></span> <span class='ocrx_word' id='word_1_287' title='bbox 2487 562 2586 610; x_wconf 78' lang='lat' dir='ltr'>pro</span> <span class='ocrx_word' id='word_1_288' title='bbox 2603 547 2813 610; x_wconf 75' lang='grc' dir='ltr'><strong><em>Θουρίων</em></strong></span> 
     </span>
     <span class='ocr_line' id='line_1_55' title="bbox 1741 621 2814 686; baseline 0 -14"><span class='ocrx_word' id='word_1_289' title='bbox 1741 624 1844 686; x_wconf 69' lang='lat' dir='ltr'>leg.</span> <span class='ocrx_word' id='word_1_290' title='bbox 1869 621 2064 686; x_wconf 73' lang='grc' dir='ltr'><strong><em>Θυρίων.</em></strong></span> <span class='ocrx_word' id='word_1_291' title='bbox 2118 624 2188 672; x_wconf 88' lang='lat' dir='ltr'>Et</span> <span class='ocrx_word' id='word_1_292' title='bbox 2211 623 2351 686; x_wconf 81' lang='lat' dir='ltr'>apud</span> <span class='ocrx_word' id='word_1_293' title='bbox 2372 623 2555 686; x_wconf 79' lang='lat' dir='ltr'>Tyrios</span> <span class='ocrx_word' id='word_1_294' title='bbox 2577 623 2814 686; x_wconf 86' lang='lat' dir='ltr'>quidem,</span> 
     </span>
     <span class='ocr_line' id='line_1_56' title="bbox 1741 697 2804 762; baseline -0.003 -14"><span class='ocrx_word' id='word_1_295' title='bbox 1741 699 1998 755; x_wconf 78' lang='lat' dir='ltr'>Sidonios,</span> <span class='ocrx_word' id='word_1_296' title='bbox 2029 707 2188 762; x_wconf 79' lang='lat' dir='ltr'>atque</span> <span class='ocrx_word' id='word_1_297' title='bbox 2229 699 2281 747; x_wconf 88' lang='lat' dir='ltr'>in</span> <span class='ocrx_word' id='word_1_298' title='bbox 2319 697 2614 746; x_wconf 80' lang='lat' dir='ltr'>uuiversum</span> <span class='ocrx_word' id='word_1_299' title='bbox 2650 697 2804 746; x_wconf 69' lang='lat' dir='ltr'>1²1»oe-</span> 
     </span>
     <span class='ocr_line' id='line_1_57' title="bbox 1741 772 2810 837; baseline -0.003 -14"><span class='ocrx_word' id='word_1_300' title='bbox 1741 774 1908 835; x_wconf 86' lang='lat' dir='ltr'>nices,</span> <span class='ocrx_word' id='word_1_301' title='bbox 1927 774 2155 837; x_wconf 85' lang='lat' dir='ltr'>itemque</span> <span class='ocrx_word' id='word_1_302' title='bbox 2179 773 2316 836; x_wconf 88' lang='lat' dir='ltr'>apud</span> <span class='ocrx_word' id='word_1_303' title='bbox 2343 773 2554 836; x_wconf 80' lang='lat' dir='ltr'>Poenos,</span> <span class='ocrx_word' id='word_1_304' title='bbox 2571 780 2629 822; x_wconf 89' lang='lat' dir='ltr'>et</span> <span class='ocrx_word' id='word_1_305' title='bbox 2644 772 2810 837; x_wconf 82' lang='lat' dir='ltr'>Phry·</span> 
     </span>
     <span class='ocr_line' id='line_1_58' title="bbox 1743 849 2812 914; baseline -0.001 -15"><span class='ocrx_word' id='word_1_306' title='bbox 1743 863 1852 913; x_wconf 74' lang='lat' dir='ltr'>gas,</span> <span class='ocrx_word' id='word_1_307' title='bbox 1877 849 2170 914; x_wconf 84' lang='lat' dir='ltr'>promiscuo</span> <span class='ocrx_word' id='word_1_308' title='bbox 2191 849 2244 898; x_wconf 88' lang='lat' dir='ltr'>in</span> <span class='ocrx_word' id='word_1_309' title='bbox 2269 862 2384 912; x_wconf 86' lang='lat' dir='ltr'>usu,</span> <span class='ocrx_word' id='word_1_310' title='bbox 2405 862 2700 912; x_wconf 86' lang='lat' dir='ltr'>quanquam</span> <span class='ocrx_word' id='word_1_311' title='bbox 2722 864 2812 898; x_wconf 85' lang='lat' dir='ltr'>va·</span> 
     </span>
     <span class='ocr_line' id='line_1_59' title="bbox 1744 925 2808 988; baseline 0 -14"><span class='ocrx_word' id='word_1_312' title='bbox 1744 927 1820 976; x_wconf 87' lang='lat' dir='ltr'>rie</span> <span class='ocrx_word' id='word_1_313' title='bbox 1846 925 2056 988; x_wconf 80' lang='lat' dir='ltr'>inflexa,</span> <span class='ocrx_word' id='word_1_314' title='bbox 2086 926 2262 976; x_wconf 79' lang='lat' dir='ltr'>videas</span> <span class='ocrx_word' id='word_1_315' title='bbox 2301 926 2506 974; x_wconf 82' lang='lat' dir='ltr'>uomina</span> <span class='ocrx_word' id='word_1_316' title='bbox 2540 925 2690 981; x_wconf 86' lang='lat' dir='ltr'>Baal,</span> <span class='ocrx_word' id='word_1_317' title='bbox 2717 932 2808 974; x_wconf 82' lang='grc' dir='ltr'>Βα-</span> 
     </span>
     <span class='ocr_line' id='line_1_60' title="bbox 1743 999 2811 1064; baseline -0.001 -14"><span class='ocrx_word' id='word_1_318' title='bbox 1743 1003 1855 1062; x_wconf 79' lang='grc' dir='ltr'><strong><em>λὴν,</em></strong></span> <span class='ocrx_word' id='word_1_319' title='bbox 1886 1001 2104 1064; x_wconf 74' lang='grc' dir='ltr'><strong><em>Βαλλὴν,</em></strong></span> <span class='ocrx_word' id='word_1_320' title='bbox 2137 999 2300 1058; x_wconf 71' lang='grc' dir='ltr'><strong><em>Βάλις,</em></strong></span> <span class='ocrx_word' id='word_1_321' title='bbox 2327 1001 2464 1050; x_wconf 88' lang='lat' dir='ltr'>unde</span> <span class='ocrx_word' id='word_1_322' title='bbox 2487 999 2680 1050; x_wconf 83' lang='lat' dir='ltr'>Abibal</span> <span class='ocrx_word' id='word_1_323' title='bbox 2704 1002 2811 1064; x_wconf 82' lang='lat' dir='ltr'>Ty·</span> 
     </span>
     <span class='ocr_line' id='line_1_61' title="bbox 1743 1075 2814 1141; baseline -0.004 -13"><span class='ocrx_word' id='word_1_324' title='bbox 1743 1081 1933 1128; x_wconf 83' lang='lat' dir='ltr'>riorum</span> <span class='ocrx_word' id='word_1_325' title='bbox 1957 1080 2090 1141; x_wconf 88' lang='lat' dir='ltr'>Rex,</span> <span class='ocrx_word' id='word_1_326' title='bbox 2113 1086 2170 1126; x_wconf 90' lang='lat' dir='ltr'>et</span> <span class='ocrx_word' id='word_1_327' title='bbox 2192 1078 2244 1126; x_wconf 90' lang='lat' dir='ltr'>in</span> <span class='ocrx_word' id='word_1_328' title='bbox 2270 1078 2446 1126; x_wconf 84' lang='lat' dir='ltr'>Sacris</span> <span class='ocrx_word' id='word_1_329' title='bbox 2485 1075 2694 1125; x_wconf 83' lang='lat' dir='ltr'>Ithobal</span> <span class='ocrx_word' id='word_1_330' title='bbox 2729 1075 2814 1125; x_wconf 85' lang='lat' dir='ltr'>Si·</span> 
     </span>
     <span class='ocr_line' id='line_1_62' title="bbox 1745 1152 2814 1215; baseline -0.001 -13"><span class='ocrx_word' id='word_1_331' title='bbox 1745 1153 2029 1215; x_wconf 83' lang='lat' dir='ltr'>douiorum,</span> <span class='ocrx_word' id='word_1_332' title='bbox 2065 1152 2320 1204; x_wconf 80' lang='lat' dir='ltr'>Jezebelis</span> <span class='ocrx_word' id='word_1_333' title='bbox 2365 1157 2535 1214; x_wconf 85' lang='lat' dir='ltr'>pater.</span> <span class='ocrx_word' id='word_1_334' title='bbox 2601 1153 2678 1201; x_wconf 88' lang='lat' dir='ltr'>Ut</span> <span class='ocrx_word' id='word_1_335' title='bbox 2719 1167 2814 1201; x_wconf 84' lang='lat' dir='ltr'>au·</span> 
     </span>
     <span class='ocr_line' id='line_1_63' title="bbox 1745 1226 2813 1289; baseline -0.002 -11"><span class='ocrx_word' id='word_1_336' title='bbox 1745 1238 1852 1279; x_wconf 86' lang='lat' dir='ltr'>tem</span> <span class='ocrx_word' id='word_1_337' title='bbox 1885 1244 1916 1278; x_wconf 88' lang='lat' dir='ltr'>a</span> <span class='ocrx_word' id='word_1_338' title='bbox 1946 1226 2140 1282; x_wconf 75' lang='grc' dir='ltr'><strong><em>Βαλλὺν</em></strong></span> <span class='ocrx_word' id='word_1_339' title='bbox 2161 1229 2472 1289; x_wconf 81' lang='grc' dir='ltr'><strong><em>Βαλληναῒος,</em></strong></span> <span class='ocrx_word' id='word_1_340' title='bbox 2503 1227 2581 1276; x_wconf 85' lang='lat' dir='ltr'>sic</span> <span class='ocrx_word' id='word_1_341' title='bbox 2601 1234 2658 1276; x_wconf 89' lang='lat' dir='ltr'>et</span> <span class='ocrx_word' id='word_1_342' title='bbox 2681 1234 2813 1276; x_wconf 81' lang='grc' dir='ltr'><strong><em>Βαλ-</em></strong></span> 
     </span>
     <span class='ocr_line' id='line_1_64' title="bbox 1745 1303 2812 1366; baseline 0 -14"><span class='ocrx_word' id='word_1_343' title='bbox 1745 1303 1956 1364; x_wconf 75' lang='grc' dir='ltr'><strong><em>λόνυμος</em></strong></span> <span class='ocrx_word' id='word_1_344' title='bbox 1977 1303 2113 1366; x_wconf 86' lang='lat' dir='ltr'>apud</span> <span class='ocrx_word' id='word_1_345' title='bbox 2143 1303 2424 1353; x_wconf 86' lang='lat' dir='ltr'>Diodorum</span> <span class='ocrx_word' id='word_1_346' title='bbox 2451 1315 2594 1352; x_wconf 81' lang='lat' dir='ltr'>xvu.</span> <span class='ocrx_word' id='word_1_347' title='bbox 2633 1307 2718 1351; x_wconf 87' lang='grc'>46.</span> <span class='ocrx_word' id='word_1_348' title='bbox 2755 1303 2812 1352; x_wconf 82' lang='lat' dir='ltr'>in</span> 
     </span>
     <span class='ocr_line' id='line_1_65' title="bbox 1745 1378 2813 1442; baseline -0.001 -13"><span class='ocrx_word' id='word_1_349' title='bbox 1745 1378 2142 1429; x_wconf 88' lang='lat' dir='ltr'>Abdolonimum</span> <span class='ocrx_word' id='word_1_350' title='bbox 2171 1393 2207 1427; x_wconf 79' lang='lat' dir='ltr'>a</span> <span class='ocrx_word' id='word_1_351' title='bbox 2239 1379 2440 1428; x_wconf 82' lang='lat' dir='ltr'>Latinis</span> <span class='ocrx_word' id='word_1_352' title='bbox 2465 1379 2813 1442; x_wconf 82' lang='lat' dir='ltr'>scriptoribus</span> 
     </span>
     <span class='ocr_line' id='line_1_66' title="bbox 1747 1469 2041 1506; baseline -0.02 0"><span class='ocrx_word' id='word_1_353' title='bbox 1747 1469 2041 1506; x_wconf 83' lang='lat' dir='ltr'>conversus.</span> 
     </span>
    </p>

    <p class='ocr_par' dir='ltr' id='par_1_10' title="bbox 1747 1529 2818 1897">
     <span class='ocr_line' id='line_1_67' title="bbox 1811 1529 2812 1592; baseline 0.002 -13"><span class='ocrx_word' id='word_1_354' title='bbox 1811 1531 2046 1590; x_wconf 72' lang='lat' dir='ltr'>Magnum</span> <span class='ocrx_word' id='word_1_355' title='bbox 2067 1534 2207 1591; x_wconf 76' lang='lat' dir='ltr'>utque</span> <span class='ocrx_word' id='word_1_356' title='bbox 2229 1529 2508 1592; x_wconf 68' lang='lat' dir='ltr'>imper-abile</span> <span class='ocrx_word' id='word_1_357' title='bbox 2525 1532 2711 1580; x_wconf 70' lang='lat' dir='ltr'>cunctis</span> <span class='ocrx_word' id='word_1_358' title='bbox 2731 1547 2812 1581; x_wconf 83' lang='lat' dir='ltr'>re·</span> 
     </span>
     <span class='ocr_line' id='line_1_68' title="bbox 1747 1607 2814 1671; baseline 0.002 -15"><span class='ocrx_word' id='word_1_359' title='bbox 1747 1607 1950 1656; x_wconf 69' lang='lat' dir='ltr'>medium</span> <span class='ocrx_word' id='word_1_360' title='bbox 1980 1607 2297 1671; x_wconf 70' lang='lat' dir='ltr'>excogitavit]</span> <span class='ocrx_word' id='word_1_361' title='bbox 2329 1608 2503 1671; x_wconf 88' lang='lat' dir='ltr'>Scipio</span> <span class='ocrx_word' id='word_1_362' title='bbox 2526 1608 2814 1660; x_wconf 82' lang='lat' dir='ltr'>Africanus</span> 
     </span>
     <span class='ocr_line' id='line_1_69' title="bbox 1749 1683 2814 1746; baseline 0.003 -13"><span class='ocrx_word' id='word_1_363' title='bbox 1749 1683 1814 1733; x_wconf 81' lang='lat' dir='ltr'>ad</span> <span class='ocrx_word' id='word_1_364' title='bbox 1847 1683 2082 1735; x_wconf 82' lang='lat' dir='ltr'>Quirites</span> <span class='ocrx_word' id='word_1_365' title='bbox 2116 1683 2254 1746; x_wconf 84' lang='lat' dir='ltr'>apud</span> <span class='ocrx_word' id='word_1_366' title='bbox 2289 1683 2516 1734; x_wconf 87' lang='lat' dir='ltr'>Gellium</span> <span class='ocrx_word' id='word_1_367' title='bbox 2543 1687 2614 1735; x_wconf 88' lang='lat' dir='ltr'>N.</span> <span class='ocrx_word' id='word_1_368' title='bbox 2637 1686 2704 1734; x_wconf 84' lang='lat' dir='ltr'>A.</span> <span class='ocrx_word' id='word_1_369' title='bbox 2725 1701 2814 1736; x_wconf 76' lang='lat' dir='ltr'>tv.</span> 
     </span>
     <span class='ocr_line' id='line_1_70' title="bbox 1751 1759 2818 1826; baseline 0.002 -18"><span class='ocrx_word' id='word_1_370' title='bbox 1751 1763 1832 1810; x_wconf 83' lang='lat'>18.</span> <span class='ocrx_word' id='word_1_371' title='bbox 1855 1759 1872 1786; x_wconf 95' lang='lat'>‘</span> <span class='ocrx_word' id='word_1_372' title='bbox 1889 1759 2082 1808; x_wconf 80' lang='lat' dir='ltr'>Pacem</span> <span class='ocrx_word' id='word_1_373' title='bbox 2104 1765 2158 1808; x_wconf 89' lang='lat' dir='ltr'>et</span> <span class='ocrx_word' id='word_1_374' title='bbox 2171 1760 2440 1808; x_wconf 82' lang='lat' dir='ltr'>victoriam</span> <span class='ocrx_word' id='word_1_375' title='bbox 2464 1759 2612 1810; x_wconf 79' lang='lat' dir='ltr'>vobis</span> <span class='ocrx_word' id='word_1_376' title='bbox 2627 1761 2818 1826; x_wconf 86' lang='lat' dir='ltr'>peperi</span> 
     </span>
     <span class='ocr_line' id='line_1_71' title="bbox 1751 1834 2150 1897; baseline -0.013 -11"><span class='ocrx_word' id='word_1_377' title='bbox 1751 1834 2150 1897; x_wconf 58' lang='lat' dir='ltr'>insperabilemB</span> 
     </span>
    </p>

    <p class='ocr_par' dir='ltr' id='par_1_11' title="bbox 1752 1910 2820 2338">
     <span class='ocr_line' id='line_1_72' title="bbox 1820 1910 2818 1972; baseline 0.004 -14"><span class='ocrx_word' id='word_1_378' title='bbox 1820 1910 1942 1966; x_wconf 79' lang='lat' dir='ltr'>Quoe</span> <span class='ocrx_word' id='word_1_379' title='bbox 1960 1910 2012 1959; x_wconf 81' lang='grc' dir='ltr'>ιἰι</span> <span class='ocrx_word' id='word_1_380' title='bbox 2032 1925 2202 1972; x_wconf 74' lang='lat' dir='ltr'>magno</span> <span class='ocrx_word' id='word_1_381' title='bbox 2223 1911 2332 1960; x_wconf 79' lang='lat' dir='ltr'>coeli</span> <span class='ocrx_word' id='word_1_382' title='bbox 2353 1916 2484 1960; x_wconf 76' lang='lat' dir='ltr'>motu</span> <span class='ocrx_word' id='word_1_383' title='bbox 2512 1913 2637 1960; x_wconf 78' lang='lat' dir='ltr'>oriri</span> <span class='ocrx_word' id='word_1_384' title='bbox 2663 1915 2818 1962; x_wconf 76' lang='lat' dir='ltr'>solent</span> 
     </span>
     <span class='ocr_line' id='line_1_73' title="bbox 1752 1986 2818 2052; baseline 0.004 -18"><span class='ocrx_word' id='word_1_385' title='bbox 1752 1986 2095 2052; x_wconf 76' lang='lat' dir='ltr'>consenescere]</span> <span class='ocrx_word' id='word_1_386' title='bbox 2119 1987 2326 2036; x_wconf 83' lang='lat' dir='ltr'>Sallust.</span> <span class='ocrx_word' id='word_1_387' title='bbox 2344 1986 2379 2037; x_wconf 86' lang='lat' dir='ltr'>J</span> <span class='ocrx_word' id='word_1_388' title='bbox 2385 2002 2470 2048; x_wconf 79' lang='lat' dir='ltr'>ug.</span> <span class='ocrx_word' id='word_1_389' title='bbox 2483 1991 2566 2036; x_wconf 77' lang='lat'>35.</span> <span class='ocrx_word' id='word_1_390' title='bbox 2581 1990 2597 2017; x_wconf 90' lang='lat'>‘</span> <span class='ocrx_word' id='word_1_391' title='bbox 2616 1987 2818 2038; x_wconf 82' lang='lat' dir='ltr'>Avidus</span> 
     </span>
     <span class='ocr_line' id='line_1_74' title="bbox 1754 2062 2814 2127; baseline -0.001 -14"><span class='ocrx_word' id='word_1_392' title='bbox 1754 2063 1946 2113; x_wconf 84' lang='lat' dir='ltr'>Consul</span> <span class='ocrx_word' id='word_1_393' title='bbox 1977 2062 2100 2111; x_wconf 90' lang='lat' dir='ltr'>belli</span> <span class='ocrx_word' id='word_1_394' title='bbox 2149 2062 2389 2126; x_wconf 80' lang='lat' dir='ltr'>gerundi,</span> <span class='ocrx_word' id='word_1_395' title='bbox 2423 2063 2624 2112; x_wconf 81' lang='lat' dir='ltr'>moveri</span> <span class='ocrx_word' id='word_1_396' title='bbox 2656 2079 2814 2127; x_wconf 85' lang='lat' dir='ltr'>quam</span> 
     </span>
     <span class='ocr_line' id='line_1_75' title="bbox 1755 2137 2816 2188; baseline 0.003 -3"><span class='ocrx_word' id='word_1_397' title='bbox 1755 2150 2026 2186; x_wconf 80' lang='lat' dir='ltr'>senescere</span> <span class='ocrx_word' id='word_1_398' title='bbox 2081 2137 2254 2185; x_wconf 81' lang='lat' dir='ltr'>omnia</span> <span class='ocrx_word' id='word_1_399' title='bbox 2306 2137 2568 2188; x_wconf 65' lang='lat' dir='ltr'>malebat!</span> <span class='ocrx_word' id='word_1_400' title='bbox 2662 2139 2816 2188; x_wconf 85' lang='lat' dir='ltr'>Idem</span> 
     </span>
     <span class='ocr_line' id='line_1_76' title="bbox 1754 2211 2820 2274; baseline 0.005 -15"><span class='ocrx_word' id='word_1_401' title='bbox 1754 2211 1889 2274; x_wconf 83' lang='lat' dir='ltr'>apud</span> <span class='ocrx_word' id='word_1_402' title='bbox 1936 2211 2258 2260; x_wconf 68' lang='lat' dir='ltr'>Prisci-num</span> <span class='ocrx_word' id='word_1_403' title='bbox 2295 2225 2351 2262; x_wconf 86' lang='lat' dir='ltr'>x.</span> <span class='ocrx_word' id='word_1_404' title='bbox 2395 2213 2411 2239; x_wconf 95' lang='lat'>‘</span> <span class='ocrx_word' id='word_1_405' title='bbox 2437 2213 2536 2262; x_wconf 82' lang='lat' dir='ltr'>nisi</span> <span class='ocrx_word' id='word_1_406' title='bbox 2577 2229 2696 2264; x_wconf 86' lang='lat' dir='ltr'>cum</span> <span class='ocrx_word' id='word_1_407' title='bbox 2737 2215 2820 2264; x_wconf 79' lang='lat' dir='ltr'>ira</span> 
     </span>
     <span class='ocr_line' id='line_1_77' title="bbox 1753 2286 2263 2338; baseline 0.002 -3"><span class='ocrx_word' id='word_1_408' title='bbox 1753 2287 1874 2336; x_wconf 88' lang='lat' dir='ltr'>belli</span> <span class='ocrx_word' id='word_1_409' title='bbox 1899 2286 2263 2338; x_wconf 86' lang='lat' dir='ltr'>desenuisset.’</span> 
     </span>
    </p>

    <p class='ocr_par' dir='ltr' id='par_1_12' title="bbox 1754 2363 2820 3260">
     <span class='ocr_line' id='line_1_78' title="bbox 1819 2363 2820 2428; baseline 0.002 -18"><span class='ocrx_word' id='word_1_410' title='bbox 1819 2364 1849 2425; x_wconf 60' lang='grc' dir='ltr'><strong>ς</strong></span> <span class='ocrx_word' id='word_1_411' title='bbox 1879 2366 1944 2411; x_wconf 80' lang='grc'>22</span> <span class='ocrx_word' id='word_1_412' title='bbox 1995 2363 2278 2411; x_wconf 72' lang='grc' dir='ltr'><strong><em>Βοεεναίυηι</em></strong></span> <span class='ocrx_word' id='word_1_413' title='bbox 2325 2367 2396 2412; x_wconf 81' lang='lat' dir='ltr'>est</span> <span class='ocrx_word' id='word_1_414' title='bbox 2440 2363 2627 2426; x_wconf 76' lang='lat' dir='ltr'>coelum]</span> <span class='ocrx_word' id='word_1_415' title='bbox 2684 2364 2820 2428; x_wconf 75' lang='lat' dir='ltr'>Arg.</span> 
     </span>
     <span class='ocr_line' id='line_1_79' title="bbox 1754 2437 2816 2503; baseline 0.003 -15"><span class='ocrx_word' id='word_1_416' title='bbox 1754 2440 1771 2468; x_wconf 91' lang='lat'>‘</span> <span class='ocrx_word' id='word_1_417' title='bbox 1794 2445 2116 2488; x_wconf 82' lang='lat' dir='ltr'>serenatum.</span> <span class='ocrx_word' id='word_1_418' title='bbox 2123 2437 2296 2503; x_wconf 86' lang='lat' dir='ltr'>’quod</span> <span class='ocrx_word' id='word_1_419' title='bbox 2317 2453 2349 2487; x_wconf 87' lang='lat' dir='ltr'>a</span> <span class='ocrx_word' id='word_1_420' title='bbox 2367 2439 2684 2490; x_wconf 81' lang='lat' dir='ltr'>Glossatoris</span> <span class='ocrx_word' id='word_1_421' title='bbox 2706 2456 2816 2491; x_wconf 85' lang='lat' dir='ltr'>ma·</span> 
     </span>
     <span class='ocr_line' id='line_1_80' title="bbox 1754 2515 2816 2567; baseline 0.003 -3"><span class='ocrx_word' id='word_1_422' title='bbox 1754 2530 1822 2564; x_wconf 87' lang='lat' dir='ltr'>nu</span> <span class='ocrx_word' id='word_1_423' title='bbox 1859 2522 1956 2563; x_wconf 87' lang='lat' dir='ltr'>est.</span> <span class='ocrx_word' id='word_1_424' title='bbox 2028 2515 2238 2564; x_wconf 87' lang='lat' dir='ltr'>Lucret.</span> <span class='ocrx_word' id='word_1_425' title='bbox 2262 2528 2303 2564; x_wconf 85' lang='grc' dir='ltr'>ι.</span> <span class='ocrx_word' id='word_1_426' title='bbox 2336 2516 2490 2565; x_wconf 86' lang='lat' dir='ltr'>‘Tibi</span> <span class='ocrx_word' id='word_1_427' title='bbox 2529 2517 2709 2567; x_wconf 82' lang='lat' dir='ltr'>rident</span> <span class='ocrx_word' id='word_1_428' title='bbox 2745 2533 2816 2567; x_wconf 86' lang='lat' dir='ltr'>ae-</span> 
     </span>
     <span class='ocr_line' id='line_1_81' title="bbox 1754 2586 2820 2656; baseline 0.002 -16"><span class='ocrx_word' id='word_1_429' title='bbox 1754 2605 1917 2656; x_wconf 87' lang='lat' dir='ltr'>quora</span> <span class='ocrx_word' id='word_1_430' title='bbox 1937 2591 2102 2654; x_wconf 85' lang='lat' dir='ltr'>ponti,</span> <span class='ocrx_word' id='word_1_431' title='bbox 2120 2590 2494 2654; x_wconf 72' lang='lat' dir='ltr'>placatumque</span> <span class='ocrx_word' id='word_1_432' title='bbox 2513 2594 2644 2642; x_wconf 87' lang='lat' dir='ltr'>nitet</span> <span class='ocrx_word' id='word_1_433' title='bbox 2663 2586 2820 2642; x_wconf 82' lang='lat' dir='ltr'>diffu-</span> 
     </span>
     <span class='ocr_line' id='line_1_82' title="bbox 1755 2666 2816 2731; baseline 0.002 -15"><span class='ocrx_word' id='word_1_434' title='bbox 1755 2682 1814 2716; x_wconf 88' lang='lat' dir='ltr'>so</span> <span class='ocrx_word' id='word_1_435' title='bbox 1837 2666 2026 2716; x_wconf 85' lang='lat' dir='ltr'>lumine</span> <span class='ocrx_word' id='word_1_436' title='bbox 2049 2668 2263 2715; x_wconf 78' lang='lat' dir='ltr'>coelum:</span> <span class='ocrx_word' id='word_1_437' title='bbox 2301 2667 2433 2716; x_wconf 85' lang='lat' dir='ltr'>Nam</span> <span class='ocrx_word' id='word_1_438' title='bbox 2458 2668 2673 2731; x_wconf 79' lang='lat' dir='ltr'>simulac</span> <span class='ocrx_word' id='word_1_439' title='bbox 2697 2683 2816 2731; x_wconf 89' lang='lat' dir='ltr'>spe·</span> 
     </span>
     <span class='ocr_line' id='line_1_83' title="bbox 1755 2738 2816 2805; baseline 0.001 -15"><span class='ocrx_word' id='word_1_440' title='bbox 1755 2742 1866 2791; x_wconf 86' lang='lat' dir='ltr'>cies</span> <span class='ocrx_word' id='word_1_441' title='bbox 1888 2738 2154 2805; x_wconf 85' lang='lat' dir='ltr'>patefacta</span> <span class='ocrx_word' id='word_1_442' title='bbox 2178 2748 2261 2789; x_wconf 88' lang='lat' dir='ltr'>est</span> <span class='ocrx_word' id='word_1_443' title='bbox 2284 2754 2441 2789; x_wconf 79' lang='lat' dir='ltr'>verna</span> <span class='ocrx_word' id='word_1_444' title='bbox 2468 2741 2592 2805; x_wconf 90' lang='lat' dir='ltr'>diei,</span> <span class='ocrx_word' id='word_1_445' title='bbox 2629 2744 2701 2791; x_wconf 87' lang='lat' dir='ltr'>Et</span> <span class='ocrx_word' id='word_1_446' title='bbox 2737 2758 2816 2791; x_wconf 78' lang='lat' dir='ltr'>re·</span> 
     </span>
     <span class='ocr_line' id='line_1_84' title="bbox 1756 2815 2811 2879; baseline 0 -13"><span class='ocrx_word' id='word_1_447' title='bbox 1756 2823 1931 2867; x_wconf 82' lang='lat' dir='ltr'>serata</span> <span class='ocrx_word' id='word_1_448' title='bbox 1966 2816 2106 2878; x_wconf 69' lang='lat' dir='ltr'>viget</span> <span class='ocrx_word' id='word_1_449' title='bbox 2141 2815 2379 2878; x_wconf 77' lang='lat' dir='ltr'>genitalis</span> <span class='ocrx_word' id='word_1_450' title='bbox 2412 2831 2537 2864; x_wconf 81' lang='lat' dir='ltr'>aura</span> <span class='ocrx_word' id='word_1_451' title='bbox 2575 2817 2811 2879; x_wconf 57' lang='lat' dir='ltr'>Favoni:</span> 
     </span>
     <span class='ocr_line' id='line_1_85' title="bbox 1757 2891 2816 2951; baseline 0 -9"><span class='ocrx_word' id='word_1_452' title='bbox 1757 2896 1856 2943; x_wconf 65' lang='grc' dir='ltr'>ὅτε.</span> <span class='ocrx_word' id='word_1_453' title='bbox 1961 2892 2316 2951; x_wconf 72' lang='lat' dir='ltr'>Agamemnon</span> <span class='ocrx_word' id='word_1_454' title='bbox 2361 2891 2426 2939; x_wconf 84' lang='lat' dir='ltr'>ad</span> <span class='ocrx_word' id='word_1_455' title='bbox 2472 2891 2816 2943; x_wconf 73' lang='lat' dir='ltr'>Calchantem</span> 
     </span>
     <span class='ocr_line' id='line_1_86' title="bbox 1757 2966 2816 3033; baseline -0.002 -14"><span class='ocrx_word' id='word_1_456' title='bbox 1757 2969 1896 3033; x_wconf 86' lang='lat' dir='ltr'>apud</span> <span class='ocrx_word' id='word_1_457' title='bbox 1922 2969 2106 3017; x_wconf 89' lang='lat' dir='ltr'>Senec.</span> <span class='ocrx_word' id='word_1_458' title='bbox 2132 2968 2182 3015; x_wconf 91' lang='lat' dir='ltr'>in</span> <span class='ocrx_word' id='word_1_459' title='bbox 2204 2966 2390 3016; x_wconf 87' lang='lat' dir='ltr'>Troad.</span> <span class='ocrx_word' id='word_1_460' title='bbox 2425 2967 2556 3015; x_wconf 83' lang='lat' dir='ltr'>hanc</span> <span class='ocrx_word' id='word_1_461' title='bbox 2588 2974 2816 3031; x_wconf 86' lang='lat' dir='ltr'>tempes-</span> 
     </span>
     <span class='ocr_line' id='line_1_87' title="bbox 1755 3043 2818 3107; baseline 0 -13"><span class='ocrx_word' id='word_1_462' title='bbox 1755 3051 1916 3094; x_wconf 81' lang='lat' dir='ltr'>tatem</span> <span class='ocrx_word' id='word_1_463' title='bbox 1955 3050 2228 3107; x_wconf 79' lang='lat' dir='ltr'>spectans:</span> <span class='ocrx_word' id='word_1_464' title='bbox 2273 3043 2401 3091; x_wconf 87' lang='lat' dir='ltr'>‘Tu</span> <span class='ocrx_word' id='word_1_465' title='bbox 2443 3044 2533 3107; x_wconf 86' lang='lat' dir='ltr'>qui</span> <span class='ocrx_word' id='word_1_466' title='bbox 2571 3044 2818 3107; x_wconf 68' lang='lat' dir='ltr'>Pelasgas</span> 
     </span>
     <span class='ocr_line' id='line_1_88' title="bbox 1756 3117 2816 3182; baseline 0 -15"><span class='ocrx_word' id='word_1_467' title='bbox 1756 3120 1929 3169; x_wconf 81' lang='lat' dir='ltr'>vincla</span> <span class='ocrx_word' id='word_1_468' title='bbox 1951 3118 2150 3167; x_wconf 79' lang='lat' dir='ltr'>solvisti</span> <span class='ocrx_word' id='word_1_469' title='bbox 2177 3117 2299 3179; x_wconf 86' lang='lat' dir='ltr'>rati,</span> <span class='ocrx_word' id='word_1_470' title='bbox 2329 3118 2612 3182; x_wconf 85' lang='lat' dir='ltr'>Morasque</span> <span class='ocrx_word' id='word_1_471' title='bbox 2647 3118 2816 3182; x_wconf 82' lang='lat' dir='ltr'>bellis,</span> 
     </span>
     <span class='ocr_line' id='line_1_89' title="bbox 1759 3191 2442 3263; baseline -0.008 -18"><span class='ocrx_word' id='word_1_472' title='bbox 1759 3203 1870 3245; x_wconf 81' lang='lat' dir='ltr'>arte</span> <span class='ocrx_word' id='word_1_473' title='bbox 1894 3195 1983 3260; x_wconf 90' lang='lat' dir='ltr'>qui</span> <span class='ocrx_word' id='word_1_474' title='bbox 2005 3191 2199 3243; x_wconf 83' lang='lat' dir='ltr'>referas</span> <span class='ocrx_word' id='word_1_475' title='bbox 2222 3191 2442 3263; x_wconf 59' lang='lat' dir='ltr'>Polum?</span> 
     </span>
    </p>
   </div>
   <div class='ocr_carea' id='block_1_8' title="bbox 2161 3320 2408 3370">
    <p class='ocr_par' dir='ltr' id='par_1_13' title="bbox 2161 3320 2408 3370">
     <span class='ocr_line' id='line_1_90' title="bbox 2161 3320 2408 3370; baseline -0.004 0"><span class='ocrx_word' id='word_1_476' title='bbox 2161 3320 2408 3370; x_wconf 82' lang='lat' dir='ltr'>L113.11.</span> 
     </span>
    </p>
   </div>
   <div class='ocr_carea' id='block_1_9' title="bbox 1745 3419 2820 4320">
    <p class='ocr_par' dir='ltr' id='par_1_14' title="bbox 1745 3419 2820 3931">
     <span class='ocr_line' id='line_1_91' title="bbox 1823 3419 2818 3485; baseline 0.001 -16"><span class='ocrx_word' id='word_1_477' title='bbox 1823 3423 1850 3485; x_wconf 82' lang='lat'>§</span> <span class='ocrx_word' id='word_1_478' title='bbox 1873 3424 1902 3469; x_wconf 74' lang='lat'>3</span> <span class='ocrx_word' id='word_1_479' title='bbox 1938 3420 2141 3469; x_wconf 76' lang='lat' dir='ltr'>Interim</span> <span class='ocrx_word' id='word_1_480' title='bbox 2164 3420 2446 3469; x_wconf 74' lang='lat' dir='ltr'>Teumnius</span> <span class='ocrx_word' id='word_1_481' title='bbox 2466 3434 2529 3468; x_wconf 79' lang='lat' dir='ltr'>ex</span> <span class='ocrx_word' id='word_1_482' title='bbox 2555 3419 2818 3471; x_wconf 76' lang='lat' dir='ltr'>Teutmntc</span> 
     </span>
     <span class='ocr_line' id='line_1_92' title="bbox 1757 3494 2816 3559; baseline -0.001 -13"><span class='ocrx_word' id='word_1_483' title='bbox 1757 3501 1807 3546; x_wconf 82' lang='lat' dir='ltr'>et</span> <span class='ocrx_word' id='word_1_484' title='bbox 1827 3497 1968 3557; x_wconf 74' lang='lat' dir='ltr'>Auge</span> <span class='ocrx_word' id='word_1_485' title='bbox 1997 3495 2213 3559; x_wconf 80' lang='lat' dir='ltr'>genitus]</span> <span class='ocrx_word' id='word_1_486' title='bbox 2245 3497 2527 3559; x_wconf 86' lang='lat' dir='ltr'>Postquam</span> <span class='ocrx_word' id='word_1_487' title='bbox 2551 3494 2816 3559; x_wconf 72' lang='lat' dir='ltr'>Telephus</span> 
     </span>
     <span class='ocr_line' id='line_1_93' title="bbox 1745 3570 2816 3637; baseline 0 -16"><span class='ocrx_word' id='word_1_488' title='bbox 1745 3573 1856 3637; x_wconf 85' lang='lat' dir='ltr'>jam</span> <span class='ocrx_word' id='word_1_489' title='bbox 1879 3587 1910 3621; x_wconf 84' lang='lat' dir='ltr'>a</span> <span class='ocrx_word' id='word_1_490' title='bbox 1929 3574 2214 3622; x_wconf 85' lang='lat' dir='ltr'>Teutrante</span> <span class='ocrx_word' id='word_1_491' title='bbox 2239 3573 2290 3621; x_wconf 89' lang='lat' dir='ltr'>in</span> <span class='ocrx_word' id='word_1_492' title='bbox 2321 3570 2565 3621; x_wconf 82' lang='lat' dir='ltr'>familiam</span> <span class='ocrx_word' id='word_1_493' title='bbox 2590 3578 2647 3620; x_wconf 89' lang='lat' dir='ltr'>et</span> <span class='ocrx_word' id='word_1_494' title='bbox 2667 3587 2816 3635; x_wconf 83' lang='lat' dir='ltr'>spem</span> 
     </span>
     <span class='ocr_line' id='line_1_94' title="bbox 1757 3646 2816 3711; baseline 0 -14"><span class='ocrx_word' id='word_1_495' title='bbox 1757 3648 1901 3711; x_wconf 74' lang='lat' dir='ltr'>regui</span> <span class='ocrx_word' id='word_1_496' title='bbox 1938 3648 2212 3710; x_wconf 84' lang='lat' dir='ltr'>adoptatas</span> <span class='ocrx_word' id='word_1_497' title='bbox 2250 3646 2452 3697; x_wconf 76' lang='lat' dir='ltr'>suisset.</span> <span class='ocrx_word' id='word_1_498' title='bbox 2519 3648 2816 3709; x_wconf 75' lang='lat' dir='ltr'>Stephanus</span> 
     </span>
     <span class='ocr_line' id='line_1_95' title="bbox 1757 3722 2820 3787; baseline 0.001 -17"><span class='ocrx_word' id='word_1_499' title='bbox 1757 3723 1823 3771; x_wconf 88' lang='lat' dir='ltr'>de</span> <span class='ocrx_word' id='word_1_500' title='bbox 1847 3722 2076 3771; x_wconf 86' lang='lat' dir='ltr'>Urbibus</span> <span class='ocrx_word' id='word_1_501' title='bbox 2097 3722 2149 3770; x_wconf 89' lang='lat' dir='ltr'>in</span> <span class='ocrx_word' id='word_1_502' title='bbox 2185 3722 2530 3771; x_wconf 76' lang='lat' dir='ltr'>Teuthrania:</span> <span class='ocrx_word' id='word_1_503' title='bbox 2567 3724 2594 3770; x_wconf 77' lang='grc' dir='ltr'><strong><em>ὀ</em></strong></span> <span class='ocrx_word' id='word_1_504' title='bbox 2613 3722 2820 3787; x_wconf 72' lang='grc' dir='ltr'><strong><em>Τεύθρας</em></strong></span> 
     </span>
     <span class='ocr_line' id='line_1_96' title="bbox 1757 3796 2817 3862; baseline 0.002 -17"><span class='ocrx_word' id='word_1_505' title='bbox 1757 3797 1810 3847; x_wconf 72' lang='grc' dir='ltr'>δὲ</span> <span class='ocrx_word' id='word_1_506' title='bbox 1841 3797 1931 3855; x_wconf 78' lang='grc' dir='ltr'>τὴν</span> <span class='ocrx_word' id='word_1_507' title='bbox 1961 3796 2126 3857; x_wconf 74' lang='grc' dir='ltr'><strong><em>Αὔγὴν</em></strong></span> <span class='ocrx_word' id='word_1_508' title='bbox 2161 3796 2328 3859; x_wconf 75' lang='grc' dir='ltr'><strong><em>ἔγημε,</em></strong></span> <span class='ocrx_word' id='word_1_509' title='bbox 2359 3798 2438 3847; x_wconf 75' lang='grc' dir='ltr'>καὶ</span> <span class='ocrx_word' id='word_1_510' title='bbox 2476 3797 2564 3846; x_wconf 76' lang='grc' dir='ltr'>τὸν</span> <span class='ocrx_word' id='word_1_511' title='bbox 2594 3796 2817 3862; x_wconf 80' lang='grc' dir='ltr'><strong><em>Τήλεφον</em></strong></span> 
     </span>
     <span class='ocr_line' id='line_1_97' title="bbox 1757 3873 2733 3931; baseline 0.003 -9"><span class='ocrx_word' id='word_1_512' title='bbox 1757 3874 2162 3931; x_wconf 67' lang='grc' dir='ltr'><strong><em>ἐπαιδοποιήσατο.</em></strong></span> <span class='ocrx_word' id='word_1_513' title='bbox 2217 3873 2357 3925; x_wconf 81' lang='lat' dir='ltr'>Add.</span> <span class='ocrx_word' id='word_1_514' title='bbox 2381 3876 2574 3924; x_wconf 79' lang='lat' dir='ltr'>Strabo</span> <span class='ocrx_word' id='word_1_515' title='bbox 2597 3889 2733 3925; x_wconf 78' lang='lat'>1111.</span> 
     </span>
    </p>

    <p class='ocr_par' dir='ltr' id='par_1_15' title="bbox 1752 3950 2816 4167">
     <span class='ocr_line' id='line_1_98' title="bbox 1821 3950 2816 4012; baseline 0.002 -13"><span class='ocrx_word' id='word_1_516' title='bbox 1821 3950 1957 3999; x_wconf 76' lang='lat' dir='ltr'>Inter</span> <span class='ocrx_word' id='word_1_517' title='bbox 1997 3950 2179 4012; x_wconf 72' lang='lat' dir='ltr'>vineas]</span> <span class='ocrx_word' id='word_1_518' title='bbox 2227 3950 2486 4000; x_wconf 85' lang='lat' dir='ltr'>Pindarus</span> <span class='ocrx_word' id='word_1_519' title='bbox 2528 3951 2716 4000; x_wconf 84' lang='lat' dir='ltr'>Isthm.</span> <span class='ocrx_word' id='word_1_520' title='bbox 2763 3956 2816 4003; x_wconf 84' lang='grc'>8.</span> 
     </span>
     <span class='ocr_line' id='line_1_99' title="bbox 1757 4024 2814 4089; baseline 0.007 -15"><span class='ocrx_word' id='word_1_521' title='bbox 1757 4024 1822 4075; x_wconf 89' lang='lat' dir='ltr'>de</span> <span class='ocrx_word' id='word_1_522' title='bbox 1847 4025 2076 4075; x_wconf 79' lang='lat' dir='ltr'>Achille:</span> <span class='ocrx_word' id='word_1_523' title='bbox 2113 4029 2139 4075; x_wconf 82' lang='grc' dir='ltr'><em>ὁ</em></span> <span class='ocrx_word' id='word_1_524' title='bbox 2161 4028 2240 4077; x_wconf 75' lang='grc' dir='ltr'>καὶ</span> <span class='ocrx_word' id='word_1_525' title='bbox 2269 4026 2450 4077; x_wconf 77' lang='grc' dir='ltr'><strong><em>Μύσιον</em></strong></span> <span class='ocrx_word' id='word_1_526' title='bbox 2471 4026 2712 4089; x_wconf 78' lang='grc' dir='ltr'><strong><em>ἇμπελόεν</em></strong></span> <span class='ocrx_word' id='word_1_527' title='bbox 2731 4027 2814 4081; x_wconf 76' lang='grc' dir='ltr'>Αἵ·</span> 
     </span>
     <span class='ocr_line' id='line_1_100' title="bbox 1752 4100 2816 4167; baseline 0.005 -19"><span class='ocrx_word' id='word_1_528' title='bbox 1752 4105 1868 4163; x_wconf 75' lang='grc' dir='ltr'><strong><em>μαξε</em></strong></span> <span class='ocrx_word' id='word_1_529' title='bbox 1881 4100 2100 4164; x_wconf 73' lang='grc' dir='ltr'><strong><em>Τηλέφου</em></strong></span> <span class='ocrx_word' id='word_1_530' title='bbox 2117 4103 2284 4163; x_wconf 77' lang='grc' dir='ltr'><strong><em>μέλανι</em></strong></span> <span class='ocrx_word' id='word_1_531' title='bbox 2301 4104 2469 4167; x_wconf 74' lang='grc' dir='ltr'><strong><em>ῥαίνων</em></strong></span> <span class='ocrx_word' id='word_1_532' title='bbox 2487 4102 2618 4166; x_wconf 75' lang='grc' dir='ltr'><strong><em>φόνῳ</em></strong></span> <span class='ocrx_word' id='word_1_533' title='bbox 2633 4102 2816 4154; x_wconf 77' lang='grc' dir='ltr'><strong><em>πεδίον.</em></strong></span> 
     </span>
    </p>

    <p class='ocr_par' dir='ltr' id='par_1_16' title="bbox 1753 4178 2814 4320">
     <span class='ocr_line' id='line_1_101' title="bbox 1825 4178 2812 4245; baseline 0.003 -19"><span class='ocrx_word' id='word_1_534' title='bbox 1825 4178 2039 4241; x_wconf 78' lang='lat' dir='ltr'>Utroque</span> <span class='ocrx_word' id='word_1_535' title='bbox 2053 4178 2179 4241; x_wconf 81' lang='lat' dir='ltr'>acie]</span> <span class='ocrx_word' id='word_1_536' title='bbox 2196 4179 2279 4229; x_wconf 91' lang='lat' dir='ltr'>Sic</span> <span class='ocrx_word' id='word_1_537' title='bbox 2296 4181 2422 4244; x_wconf 77' lang='lat' dir='ltr'>Arg.</span> <span class='ocrx_word' id='word_1_538' title='bbox 2441 4180 2636 4229; x_wconf 87' lang='lat' dir='ltr'>rectius</span> <span class='ocrx_word' id='word_1_539' title='bbox 2657 4193 2812 4245; x_wconf 79' lang='lat' dir='ltr'>quam</span> 
     </span>
     <span class='ocr_line' id='line_1_102' title="bbox 1753 4252 2814 4320; baseline 0.002 -18"><span class='ocrx_word' id='word_1_540' title='bbox 1753 4252 1891 4316; x_wconf 79' lang='lat' dir='ltr'>vulg.</span> <span class='ocrx_word' id='word_1_541' title='bbox 1913 4253 2163 4319; x_wconf 82' lang='lat' dir='ltr'>‘utraque</span> <span class='ocrx_word' id='word_1_542' title='bbox 2187 4255 2363 4307; x_wconf 84' lang='lat' dir='ltr'>acies.’</span> <span class='ocrx_word' id='word_1_543' title='bbox 2405 4257 2422 4285; x_wconf 89' lang='lat'>‘</span> <span class='ocrx_word' id='word_1_544' title='bbox 2437 4256 2569 4307; x_wconf 87' lang='lat' dir='ltr'>Cum</span> <span class='ocrx_word' id='word_1_545' title='bbox 2593 4260 2814 4320; x_wconf 82' lang='lat' dir='ltr'>utraque</span> 
     </span>
    </p>
   </div>
  </div>
 </body>
</html>
