3173 4957
543 399 675 465 380

546 556 887 621 Loedimur
914 555 1244 631 immeriti,
1275 556 1695 637 patimurque
1726 553 1999 634 indigna
2030 549 2305 633 prioreS,

1334 411 1644 461 Josm’m
1692 409 1944 458 ISCANI

2604 549 2736 612 145
2768 639 2775 646 .

549 653 653 719 Ut
684 674 898 721 causa
923 654 1195 719 meliore
1225 653 1350 717 frui
1388 655 1799 737 Superisque
1826 651 2144 717 secundis

547 755 773 822 Marte
802 754 964 820 dato
991 755 1229 819 liceat:
1262 773 1396 818 non
1425 755 1535 819 hio
1562 754 1803 837 injuria
1832 754 2050 832 nobis,

546 856 681 922 Sed
712 854 969 920 Danais
998 856 1184 921 faota
1209 863 1353 922 est:
1399 857 1622 920 veniet
1648 856 1765 939 qui
1794 857 2041 939 probra
2074 875 2348 920 suorum

546 957 730 1023 Ense
758 958 876 1041 pio
905 957 1210 1022 redimat.
1227 939 1261 968 '⁴
1300 957 1414 1022 Sic
1447 957 1647 1032 fatur,
1676 962 1744 1021 et
1770 957 2022 1039 accipit
2048 976 2276 1020 omnes

547 1060 849 1125 Delinita
889 1059 1150 1137 Thetis,
1181 1061 1632 1142 gremiumque
1662 1059 1944 1139 exponit
1967 1048 2176 1121 ituris,
2246 1061 2251 1066 “

2603 1055 2733 1117 150

546 1159 595 1226 J
599 1180 707 1226 am
738 1161 988 1225 fluctus
1014 1165 1284 1225 emensa
1311 1178 1541 1241 vagos,
1570 1162 1637 1222 in
1669 1158 1989 1222 Phasidis
2019 1158 2236 1221 undas

549 1261 867 1326 Declinat
895 1260 1231 1343 Pagasaea
1258 1262 1460 1339 ratis3
1507 1261 1875 1343 pelagoque
1908 1260 2156 1335 relicte,

546 1364 958 1447 Pauperiore
985 1364 1154 1441 sinu,
1186 1362 1308 1427 sed
1331 1362 1665 1438 liberiore,
1696 1363 1938 1444 potita,

547 1464 772 1529 Multa
797 1466 984 1548 prius
1013 1464 1367 1529 metuenda
1394 1464 1564 1541 tulit,
1596 1464 1753 1530 dum
1780 1464 2007 1527 littore
2038 1463 2110 1526 in
2141 1461 2281 1525 al'to

550 1565 922 1630 Discordes
952 1572 1224 1647 agerent
1254 1565 1570 1629 undarum
1602 1563 1838 1646 praelia
1868 1570 2112 1629 motus,

550 1666 910 1749 Improbus
941 1667 1183 1732 audaci
1213 1661 1570 1748 suspendit
1596 1666 1849 1748 gurgite
1876 1672 2155 1748 pontum

2502 1583 2505 1587 ’
2603 1562 2730 1626 155

547 1767 821 1844 PhasiS,
849 1774 914 1834 et
942 1769 1245 1834 obnitens
1276 1768 1556 1850 castigat
1582 1769 1654 1830 in
1684 1786 1845 1833 arva
1871 1772 2184 1843 ruentem,

550 1867 908 1934 Cessuram
937 1871 1292 1934 miseratus
1319 1869 1633 1935 humum:
1676 1868 1835 1934 furit
1862 1869 1994 1946 ille,
2022 1868 2343 1949 feroxque

549 1969 896 2034 Potandas
923 1970 1207 2036 incestat
1236 1990 1473 2053 aquas,
1497 1971 1827 2053 bilemque
1853 1969 2139 2034 refundit

550 2069 636 2133 In
666 2071 845 2134 vada
871 2071 1117 2136 blanda
1147 2091 1354 2147 suam,
1384 2071 1908 2155 dedignaturque
1940 2071 2171 2135 teneri.

2604 2070 2733 2133 160

551 2171 724 2253 Ipsa
754 2172 956 2235 etiam
989 2172 1374 2254 clausisque
1407 2171 1627 2250 Notis,
1656 2172 1961 2254 coeloque
1992 2192 2249 2247 seren0,

550 2270 916 2336 Continuas
935 2272 1204 2354 hyemes
1234 2277 1464 2354 portus
1493 2273 1798 2353 angustia
1827 2273 2078 2337 volvit:

553 2372 706 2448 Nee
738 2373 960 2456 spatio
989 2373 1218 2437 laxum
1245 2374 1518 2454 languet
1546 2393 1770 2437 mare:
1816 2363 2059 2440 crescit
2087 2393 2285 2438 arena

553 2473 1002 2541 Consumtura
1028 2482 1228 2553 rates,
1258 2476 1589 2558 tellusque
1615 2467 1884 2541 occulta
1913 2478 2203 2542 vadosas

551 2576 636 2642 In
663 2577 996 2641 cumulum
1023 2579 1375 2661 suspendit
1405 2598 1619 2661 aquas
1646 2581 1931 2643 mentita
1948 2579 2376 2662 profundum.

2606 2578 2735 2640 165

1537 2826 1757 2876 NOTAE

619 2958 714 3004 150
749 2954 1082 3017 Gremiumqioe
1111 2955 1303 3018 exponit
1318 2954 1487 3019 ituris]
1517 2956 1603 3005 Sic

559 3029 717 3088 infra,
733 3038 748 3059 ‘
760 3030 962 3079 hostilis
979 3045 1150 3080 srenae
1163 3029 1362 3094 Allapsi
1375 3030 1604 3094 gremio?

551 3105 726 3168 Silius,
759 3104 775 3130 ‘
799 3104 849 3153 in
891 3104 1086 3168 gremio
1139 3104 1380 3169 Thebes,'
1427 3120 1512 3154 ιιι.
1549 3113 1607 3155 et

553 3195 634 3229 lv.
670 3181 687 3208 ⁴
712 3181 764 3229 in
809 3181 1003 3243 gremio
1038 3182 1220 3243 patrie
1235 3180 1271 3241 ;’
1301 3181 1605 3232 Graecorum

554 3256 864 3318 imitatione,
896 3263 953 3305 ut
985 3255 1195 3307 doctiss.
1233 3265 1411 3307 monet
1442 3258 1604 3307 Hein-

555 3332 663 3380 sius
688 3331 754 3380 ad
777 3331 978 3380 Silium.
1327 3392 1330 3395 ἢ

619 3410 714 3456 156
747 3406 1002 3468 Suspendit
1016 3408 1212 3469 gurgite
1227 3407 1445 3471 mmm]
1472 3408 1606 3457 Plia-

553 3484 646 3544 sis,
668 3497 823 3547 quem
846 3482 1106 3547 Orpbeus,
1129 3483 1452 3549 Apollonius,
1479 3485 1601 3535 Val.

552 3560 794 3621 Flaccus,
818 3558 977 3609 Pind.
1005 3559 1163 3624 Pyth.
1185 3559 1291 3611 od.
1310 3565 1360 3609 4.
1392 3561 1488 3610 snb
1512 3561 1603 3609 ad-

551 3641 764 3704 uentum
801 3634 1214 3699 Argonautarum
1250 3635 1605 3699 tranquillant.

551 3713 748 3765 Noster
773 3712 828 3761 in
863 3712 1102 3776 simpulo,
1131 3712 1268 3776 qnod
1302 3709 1606 3771 siunt,fluo·

553 3795 636 3838 tus
658 3793 851 3844 movet,
887 3788 1168 3849 respiciens
1205 3786 1271 3836 ad
1291 3787 1605 3846 Varronem,

552 3863 642 3927 qui
675 3864 749 3911 ait
764 3863 952 3922 fretus·
967 3862 1160 3913 dictum
1191 3876 1222 3909 a
1239 3862 1450 3921 sertore,
1465 3861 1605 3925 quod

551 3940 608 3988 in
631 3938 822 3988 fretum
859 3952 998 4001 soepe
1033 3945 1309 3989 concurrat
1329 3945 1501 3996 aestus,
1525 3945 1605 3988 at-

555 4030 658 4079 que
691 4013 1012 4065 effervescat.
1081 4015 1165 4063 De
1191 4014 1349 4063 Phasi
1371 4014 1488 4063 vide
1506 4013 1606 4062 Ar-

557 4092 690 4139 riani
714 4090 990 4153 περιπλοῦν,
1018 4090 1261 4154 Plinium,
1281 4096 1337 4139 et
1358 4089 1492 4138 illius
1523 4090 1605 4138 fu·

557 4182 674 4217 eum
696 4167 943 4215 Solinnn.

623 4247 717 4293 157
755 4241 1174 4302 castigatis-arva
1193 4242 1426 4305 maten]
1442 4241 1528 4292 Its
1540 4255 1604 4292 u.

1686 2960 1797 3006 221.
1833 2961 1848 2984 ‘
1873 2962 2145 3019 poscentes
2170 2954 2289 3005 s'e‘ra
2322 2954 2530 3005 frondes
2568 2956 2738 3004 Casti·

1686 3030 1816 3095 gat?
1877 3032 2024 3093 virg.
2067 3045 2145 3079 iv.
2175 3030 2291 3079 AEn.
2328 3033 2343 3059 ‘
2360 3030 2735 3094 Castigantque

1691 3105 1894 3155 moras?
1979 3105 2137 3157 Silius
2185 3113 2201 3134 ‘
2218 3105 2396 3155 Insula
2451 3107 2736 3167 castigatur

1687 3180 1872 3245 aquis?
1904 3180 1922 3208 ‘
1938 3181 2223 3245 Castigatae
2246 3180 2524 3242 mamillae‚'
2555 3182 2623 3232 Q.
2646 3182 2736 3230 Se-

1687 3272 1857 3307 renus.
1941 3256 2080 3307 vide
2111 3257 2413 3307 Gevartinm
2447 3258 2512 3305 ad
2550 3256 2733 3320 Papin-

1683 3336 1823 3399 Sylv.
1846 3348 1909 3383 ιι.
1933 3339 1980 3383 1.
2002 3338 2080 3383 43.

1752 3414 1848 3460 169
1881 3411 2126 3459 Potentius
2160 3408 2359 3458 incestat
2380 3425 2543 3473 aquas,
2574 3410 2735 3459 bilem-

1686 3499 1772 3549 que
1792 3484 2029 3547 rdundit]
2084 3484 2315 3531 Limosns
2354 3486 2488 3533 enirn
2533 3486 2733 3535 Phasis.

1683 3559 1841 3610 Ovid.
1863 3573 1941 3609 νι.
1964 3559 2098 3608 Met.
2129 3558 2145 3586 ‘
2164 3557 2508 3621 Contigerant
2528 3560 2734 3624 rapidas

1681 3636 1849 3686 limosi
1871 3635 2122 3684 Phasidos
2144 3635 2304 3685 undas
2322 3634 2357 3685 :’
2381 3636 2456 3687 sio
2478 3651 2557 3687 tv.
2575 3638 2592 3665 ‘
2610 3638 2735 3688 titu-

1683 3714 1760 3761 los
1783 3712 2006 3763 incestat
2030 3710 2215 3759 amoris
2230 3710 2265 3758 ι’
2292 3718 2349 3759 et
2368 3711 2463 3761 lib.
2485 3726 2541 3761 v.
2574 3715 2590 3741 ⁴
2615 3729 2732 3776 pars

1686 3788 1822 3837 alitis
1845 3787 1953 3836 alas
1987 3786 2222 3835 lucescat
2244 3785 2551 3850 Ganymede
2587 3802 2679 3837 sno
2702 3789 2734 3835 ι’

1685 3876 1759 3912 lv.
1785 3865 1800 3890 ‘
1816 3862 2137 3924 incestatque
2158 3859 2313 3909 fidem
2336 3861 2369 3910 τ’
2390 3870 2447 3911 ut
2465 3864 2607 3925 Vir-g.
2628 3863 2645 3891 ‘
2661 3864 2737 3912 in·

1686 3946 1855 3989 cestat
1875 3937 2058 3986 funere
2074 3935 2331 3988 classem!

1753 4018 1845 4064 168
1882 4013 1987 4062 Nec
2006 4012 2156 4075 spatio
2177 4014 2338 4061 laxum
2367 4014 2561 4074 langui
2581 4015 2733 4078 mre]

1684 4089 1883 4142 Auctor
1903 4088 2021 4137 libri
2044 4087 2110 4136 de
2132 4087 2344 4151 plantis,
2376 4086 2493 4137 ὅταν
2530 4093 2737 4147 ramim.

1685 4169 1798 4216 θῦσι
1820 4164 1968 4214 ὕδατα
1988 4162 2070 4213 καὶ
2090 4164 2473 4224 στενοχωρεῖται,
2506 4164 2639 4217 ἐντὸς
2658 4164 2737 4225 γε.

1684 4259 1815 4291 νει-αι
1834 4243 1888 4292 ἐκ
1900 4238 2081 4291 τούτων
2100 4235 2238 4299 ἀτμὶς
2248 4239 2461 4303 mvn-7„
2480 4253 2541 4290 ιι.
2570 4244 2615 4289 1.
