3173 4957
658 399 791 467 646
922 414 1235 465 comeus
1284 416 1362 463 m
1415 414 1798 463 nlsmo‘m.
1847 414 2093 465 suffr.
2141 414 2583 465 ASSERVA‘H.

750 557 1076 623 Biblioth.
1106 553 1272 621 eon.
1306 554 1602 621 omnm
1631 554 2004 624 Animarum
2049 562 2231 623 tenet
2270 536 2619 641 antiquam
2661 557 2855 623 cosi.

661 680 805 726 cem
852 660 1215 724 membran.
1244 658 1385 741 qni,
1414 677 1571 723 cum
1586 658 1759 723 ⁴aliis
1791 658 2183 737 Historicis,
2215 657 2674 741 complectitur
2703 656 2855 725 Da-

660 763 822 827 retis
852 760 1131 844 Phrygii
1160 759 1561 825 Historiam.

1328 958 1582 1026 Codices
1617 956 2180 1047 Cantabrigienses.

748 1108 1062 1177 Biblioth.
1094 1108 1293 1176 Pube.
1331 1112 1551 1176 nullos
1583 1110 1844 1194 praebet
1892 1108 2179 1176 Codices
2212 1109 2316 1175 vel
2361 1109 2647 1192 Dictyos
2686 1106 2854 1172 Cre-

660 1210 877 1277 tensis
907 1213 1020 1278 vel
1050 1210 1324 1277 Daretis
1354 1211 1652 1295 Phrygii.

746 1312 1068 1379 Biblioth.
1103 1311 1370 1398 Collegit·
1405 1311 1598 1395 Corp.
1636 1308 1872 1375 Christi
1918 1318 1990 1375 et
2032 1308 2117 1376 B.
2148 1309 2385 1376 Μανία
2427 1308 2702 1395 Virginis
2745 1307 2849 1386 (S.

660 1412 1040 1490 Benedicti)
1068 1412 1244 1478 dnos
1290 1412 1568 1480 codices
1596 1412 2096 1494 manuscriptos
2143 1414 2512 1477 membran.
2539 1412 2680 1473 4to.
2712 1428 2854 1473 ser-

660 1517 814 1579 vat:
858 1531 1087 1590 unum,
1112 1511 1469 1597 (ccccv1.)
1515 1513 1634 1596 qui
1678 1514 1973 1577 continet
2023 1512 2233 1595 Frigii
2272 1512 2543 1577 Daretis
2592 1509 2853 1575 Iliados

662 1612 817 1678 Lib.
868 1632 1028 1678 saec.
1058 1627 1242 1678 1111.
1286 1614 1493 1695 alium
1540 1614 1766 1691 etiam,
1807 1611 2224 1695 (ccccxlv.)
2266 1614 2380 1698 qui
2420 1631 2574 1677 cum
2619 1610 2852 1693 multis

659 1712 820 1778 aliis
848 1714 1313 1799 complectitur
1336 1714 1613 1781 Daretis
1647 1712 1919 1797 Phrygii
1941 1713 2024 1778 de
2043 1712 2335 1780 Excidio
2357 1712 2584 1797 Trojae
2605 1708 2851 1776 Histo-

658 1814 851 1894 riam,
880 1832 1045 1881 saec.
1079 1832 1247 1881 xiv.
2205 1820 2210 1825 ’
2655 1852 2662 1857 -

747 1913 1075 1982 Biblioth.
1127 1917 1336 1981 etiam
1395 1912 1571 1980 Trin.
1631 1913 1796 1980 coll.
1849 1914 2148 1980 codicem
2198 1914 2552 1997 antiquum
2602 1921 2850 1989 servat,

659 2016 805 2100 qui,
828 2036 979 2081 cum
1012 2016 1166 2081 aliis
1210 2017 1550 2083 historicis
1593 2023 1664 2081 et
1703 2017 2171 2095 miscellaneis,
2218 2015 2494 2080 exhibet
2522 2008 2851 2079 Dar'etem

662 2117 1031 2200 Phrygium
1061 2118 1144 2183 de
1172 2118 1377 2183 Bello
1404 2118 1734 2203 Trojano.

753 2216 839 2293 In
869 2217 1195 2315 Hiblioth.
1230 2214 1439 2283 Gonv.
1472 2229 1533 2282 et
1569 2217 1719 2283 Caii
1748 2221 1856 2282 e'st
1883 2218 2101 2283 codex
2133 2217 2468 2300 antiquuS,
2507 2215 2650 2299 qui,
2697 2234 2854 2279 cum

664 2319 818 2383 aliis
847 2318 1076 2381 multis
1106 2319 1365 2399 generis
1387 2319 1826 2395 miscellanei,
1853 2319 2142 2384 continet
2171 2318 2545 2382 Historiam
2575 2316 2853 2381 Daretis

664 2419 934 2504 Phrygii
961 2419 1044 2484 de
1065 2420 1367 2504 Trojano
1387 2419 1610 2499 Bello,
1642 2440 1684 2484 a
1713 2418 2025 2486 Cornelio
2048 2419 2340 2506 Nepote,
2366 2426 2443 2483 ut
2469 2417 2729 2495 dicitur,
2760 2434 2853 2481 ex

663 2519 910 2586 Graeco
942 2523 1008 2585 in
1043 2521 1429 2586 Sermonem
1452 2521 1763 2588 Latinum
1795 2540 2077 2586 versam.
2143 2521 2361 2588 Catal.
2383 2519 2560 2586 Mss.
2585 2519 2851 2602 Angliae

662 2627 731 2686 et
761 2621 1144 2687 Hiberniae.

1386 2821 1641 2886 Codices
1675 2820 2153 2886 Dublinienses.¹

634 3043 641 3048 ¹
748 2968 833 3032 In
865 2968 1181 3036 Biblioth.
1215 2969 1378 3036 coll.
1414 2969 1485 3034 S.
1523 2971 1851 3036 Trinitatis
1873 2972 2008 3038 duo
2039 2979 2293 3038 restant
2323 2972 2596 3036 codices
2618 2990 2852 3035 mann-

640 3069 922 3150 .scripti,
950 3089 1233 3153 qnorum
1260 3073 1460 3151 nnuS,
1488 3075 1683 3148 (407.
1709 3072 1896 3158 26¹7.)
1940 3075 2109 3138 inter
2138 3074 2276 3138 alia
2321 3073 2700 3149 Historica,
2727 3093 2852 3136 ex-

660 3167 841 3233 hibet
894 3174 1045 3248 (art.
1087 3169 1184 3254 4.)
1239 3170 1512 3238 Daretis
1558 3167 1859 3258 Phrygii
1892 3175 2267 3239 Historiam
2319 3173 2404 3238 de
2449 3173 2852 3238 Vastatione

658 3269 886 3354 Trojae
918 3291 963 3336 a
992 3270 1307 3337 Cornelio
1344 3273 1634 3358 Nepote,
1663 3281 1737 3339 ut
1761 3274 1992 3354 fertur,
2021 3295 2109 3340 ex
2139 3269 2386 3341 Graeco
2418 3276 2490 3338 in
2535 3275 2850 3338 Latinum
2959 3353 2966 3360 .

660 3381 1032 3437 sermonem
1050 3374 1452 3451 translatam,
1467 3376 1787 3441 489.349.
1806 3376 1990 3453 alter,
2010 3375 2173 3440 inter
2195 3375 2355 3464 alia,
2379 3375 2659 3440 eandem
2681 3374 2854 3460 His·

664 3475 901 3540 teriam
928 3472 1085 3557 (art.
1102 3473 1237 3558 L),
1275 3476 1783 3559 cui-praefigitur
1813 3475 2106 3558 Nepotis
2129 3475 2442 3559 Epistola
2468 3476 2556 3539 ad
2589 3474 2850 3540 Sallus·

657 3576 826 3638 tium
855 3573 949 3637 de·
993 3574 1247 3638 eadem.
1336 3577 1443 3642 De
1484 3576 1880 3642 Hibernicis
1929 3575 2332 3660 quibusdam
2379 3575 2848 3654 Bibliothecis‚

664 3694 733 3757 p.
764 3674 872 3740 28.
902 3683 973 3738 et
1021 3696 1091 3760 p.
1119 3675 1230 3740 33.
1274 3677 1403 3742 sub
1431 3677 1545 3741 fin.
1576 3677 1797 3744 Catal.
1825 3676 2440 3759 Manuscriptorum
2466 3676 2733 3758 Angliae
2783 3684 2849 3742 et

667 3773 1046 3839 Hiberniae.
1861 3817 1875 3832 .

1424 3959 1672 4024 Codices
1705 3959 2057 4028 Edinenses.

746 4092 1173 4158 Bibliotheca
1204 4092 1706 4161 Advocatorum
1753 4097 1934 4180 apud
1983 4099 2435 4180 Edinburgum
2471 4096 2645 4160 duos
2690 4097 2841 4160 reti-

660 4199 775 4256 net
833 4191 1120 4258 Codices
1183 4194 1457 4260 Daretis
1516 4197 1810 4278 Phrygii,
1893 4218 2096 4263 unum
2158 4198 2512 4264 membran.
2563 4197 2838 4268 alterum
