3173 4957
907 389 1003 435 DE
1038 386 1679 463 ‘BELLOTTROJA'NO
1730 400 1869 448 [ΑΒ.
1918 402 1968 449 Ῑ.

2404 394 2555 460 389·

343 524 630 593 Occulta
659 526 1076 610 extenebrat,
1104 534 1450 619 redditque
1475 539 1754 607 latentia
1782 544 1939 609 luci.
2008 540 2013 546 ’

339 627 556 693 Immo
584 630 736 713 quis
765 652 804 695 e
828 652 1074 717 supera
1103 634 1450 704 contendat
1477 660 1651 724 pace
1678 652 1971 711 creatam
1996 662 2000 667 ’

335 728 798 796 Turbati-icem
827 734 1168 829 hominum
1185 741 1215 802 'l
1261 758 1418 823 quae
1452 750 1688 808 sancta
1717 747 1991 814 silentia
2019 771 2244 835 regum

2390 719 2610 821 sos'

336 830 422 894 In
455 834 678 897 mundi
710 835 978 917 praefert
999 838 1224 915 aures,
1256 852 1319 903 et
1345 842 1564 923 plebis
1592 847 1661 908 in
1692 866 1807 911 ora

333 930 667 1018 Dissipat,
696 956 1007 1002 arcanum
1037 958 1211 1009 ουτω
1241 940 1462 1005 furata
1488 945 1770 1011 silentis.

421 1033 632 1099 Haud
661 1058 872 1118 mora,
901 1060 1029 1121 non
1043 1038 1225 1124 jussi
1253 1043 1463 1122 lituis,
1493 1065 1629 1111 nou
1660 1071 1795 1115 aere
1825 1056 2074 1133 vocati,

333 1134 742 1219 conspirant
770 1141 856 1204 ad
887 1141 1066 1208 bella
1095 1143 1242 1222 viri,
1273 1146 1388 1211 sed
1419 1158 1490 1213 et
1517 1168 1699 1216 arma
1726 1157 2012 1220 tumultu

330 1234 542 1303 Plebs
567 1242 767 1324 rapit,
794 1250 864 1305 et
891 1243 1160 1326 vibrans
1185 1266 1352 1329 quos
1381 1268 1516 1313 non
1546 1252 1720 1317 bene
1749 1266 2021 1323 noverat
2050 1278 2273 1340 euseS,

2386 1262 2519 1329 310

329 1335 617 1419 Ingenue
645 1342 843 1407 irasci
874 1343 1094 1415 discit,
1125 1346 1538 1434 multumque
1563 1355 1874 1438 minatur,
1938 1408 1947 1417 .

329 1439 463 1503 Sed
487 1440 747 1507 factura
776 1464 1042 1527 parum:
1091 1451 1241 1516 terit
1269 1452 1380 1517 hic
1409 1454 1480 1517 in
1508 1454 1725 1521 fraena
1743 1460 2031 1542 jugales„

328 1540 490 1604 Non
519 1542 788 1627 longum
819 1566 1172 1615 mansurus
1201 1573 1436 1637 equeS,
1458 1565 1655 1640 rapta
1685 1558 1799 1624 ille
1828 1564 2135 1646 superbit

326 1640 633 1724 Casside,
663 1655 734 1711 et
756 1648 1110 1732 impatiens
1141 1664 1376 1740 captos
1405 1660 1799 1728 decrescere
1827 1666 2060 1730 visus:

325 1743 425 1809 Hi
457 1766 652 1812 suras
680 1749 964 1833 riguisse
989 1758 1296 1838 stupent3
1340 1759 1408 1822 hi
1438 1761 1733 1844 pondere
1766 1766 1927 1829 victi

2382 1770 2516 1836 315

321 1845 716 1932 In'clypeos
744 1859 1022 1936 nutant3
1059 1877 1230 1939 pars
1258 1860 1779 1945 barbara‘regna
1804 1865 2114 1944 lacessit,

318 1948 589 2031 Litigiis
621 1955 847 2019 audax
877 1964 946 2021 et
974 1959 1138 2023 citra
1167 1963 1402 2043 praelia
1431 1963 1648 2042 fortis,

319 2048 612 2133 Objecto
645 2076 880 2121 secura
907 2060 1120 2125 freto:
1152 2064 1360 2143 gemit
1389 2066 1595 2131 anxia
1624 2074 1909 2133 matrum

315 2149 568 2232 Turba,
597 2175 720 2221 nec
747 2158 1066 2225 infaustis
1097 2163 1339 2230 solatia
1359 2175 1607 2231 moesta
1632 2170 1922 2251 querelis

315 2252 427 2319 Ire
453 2266 693 2339 negant
717 2258 1069 2343 lacrymae:
1113 2264 1426 2350 lacrymis
1456 2277 1771 2348 certatur,
1802 2278 1872 2336 et
1902 2292 2161 2342 omnem

2378 2278 2509 2343 320

314 2356 720 2426 Excessisse
740 2373 937 2447 putat
965 2366 1161 2432 flendi
1189 2370 1586 2452 parcissima
1613 2373 1865 2437 luctum
1896 2395 1911 2439 ε

1303 2633 1514 2683 No‘rAE

307 2755 560 2806 Excurrit
582 2755 634 2805 iu
658 2755 846 2806 famam
879 2760 1118 2836 exemplo
1138 2761 1284 2826 Virg.
1305 2771 1361 2812 et

307 2832 540 2895 Papinii,
576 2833 696 2883 item
721 2835 880 2885 ovid.
917 2849 1016 2886 xu.
1057 2837 1267 2889 Metam.
1305 2842 1367 2889 et'

303 2907 420 2956 Silii
465 2909 612 2959 initio
655 2911 860 2974 quartia
898 2927 1000 2975 qua
1035 2911 1102 2962 de
1148 2928 1204 2964 re
1244 2915 1361 2964 vide

223 3005 230 3013 -
302 2983 638 3035 Parrhasium
667 2987 872 3049 Sylloge
896 3001 971 3036 tv.
993 2989 1093 3052 Ep.
1115 2994 1198 3039 29.
1265 2993 1362 3041 Est

301 3075 367 3108 au
375 3068 482 3110 tem
515 3063 791 3113 extenebrat
823 3067 1124 3128 φωταγωγεῖ,
1154 3066 1358 3118 ἀποσκο-

297 3134 470 3196 τιάζει.
514 3138 604 3187 Ita
624 3131 844 3200 Tei-tull.
880 3140 896 3167 ‘
915 3141 1004 3189 Sol
1029 3142 1359 3206 tenebravit?

296 3211 601 3261 lib.'contra
621 3213 858 3276 Judaeos,
879 3218 958 3263 13.
1015 3217 1180 3266 Varro
1205 3232 1268 3267 ιι.
1289 3219 1357 3268 de

298 3288 376 3336 Re
401 3287 555 3339 Rust.
591 3290 607 3317 ‘
627 3291 795 3353 quoad
823 3293 1254 3356 contenebravit,'
1273 3293 1358 3345 ἕως

295 3362 662 3425 συνεσκόταζεν.
741 3365 918 3416 Idem:
957 3374 1144 3432 ‘atque
1177 3385 1354 3422 omnes

293 3437 428 3488 adeo
461 3441 718 3504 perquirit
757 3448 912 3505 atque
947 3445 1255 3496 extenebrat
1277 3462 1354 3496 ar·

292 3513 412 3564 tes!
445 3513 669 3564 Orosius
694 3516 826 3565 libro
848 3517 916 3566 de
939 3518 1201 3569 Arbitrio:
1231 3522 1247 3548 ‘
1264 3523 1354 3572 Vi·

291 3591 424 3639 tium
463 3590 722 3639 naturalia
756 3591 888 3641 bona
926 3596 1268 3645 contenebrat
1299 3605 1355 3647 et

285 3665 559 3722 infirmat}
598 3669 713 3715 676.
775 3666 862 3715 Sic
902 3667 1078 3718 Plaut.
1113 3673 1128 3698 ⁶
1155 3683 1354 3720 extere-

289 3741 540 3791 bronides
557 3740 572 3763 ’
636 3741 702 3790 ab
757 3742 1106 3793 exterebrare.
1187 3745 1351 3796 Prud.

288 3819 306 3844 ‘
325 3818 670 3881 Elaqueanda
686 3819 866 3868 animis
883 3819 1221 3871 Constantia?
1255 3824 1352 3872 Fa-

282 3909 390 3955 ma,
415 3907 534 3960 quae
557 3894 778 3958 plurima
798 3895 918 3956 scit,
937 3895 1096 3964 ιιίῑειίῐι
1113 3896 1232 3945 Seu.
1255 3897 1354 3960 Ep.

281 3973 368 4020 48.
391 3977 514 4034 post
536 3971 702 4023 coenia
737 3971 842 4034 ina,
865 3978 920 4020 et
944 3969 1087 4027 vitia,
1117 3987 1234 4036 quae
1275 3979 1353 4022 te-

281 4046 478 4094 nebras
513 4046 727 4106 habent,
760 4044 1090 4106 extenebrat,
1127 4060 1226 4094 non
1263 4061 1346 4094 ‹rv-
1385 4065 1388 4068 ⁴

281 4119 479 4184 σκιάζει
521 4128 578 4171 et
611 4123 913 4172 inlatebrat:
957 4121 1044 4170 sed
1083 4125 1343 4187 λογοποιεῖ,

279 4197 562 4260 ramira-ut,
586 4204 647 4247 ut
686 4205 766 4248 est
791 4198 930 4262 apud
955 4198 1212 4248 Nouium:
1265 4206 1346 4250 est

277 4281 294 4305 ⁶
311 4265 664 4340 rumigerula}
685 4289 800 4339 quae
819 4289 916 4324 vox
936 4273 1189 4325 Ammiani
1203 4275 1345 4324 Mar·

1441 2765 1632 2817 cellini.

1507 2847 1601 2892 811
1638 2844 1849 2906 Ingenue
1870 2845 2016 2895 irasci
2036 2847 2201 2911 discit]
2222 2847 2495 2913 Αὐτοφυῦς,

1442 2931 1585 2966 more
1620 2920 1848 2977 militari,
1872 2935 1971 2970 uon
2006 2921 2287 2973 desultorio
2312 2932 2367 2974 et
2389 2941 2497 2976 rus-

1442 2991 1564 3040 tico.

1505 3068 1805 3131 Multumque
1826 3070 2055 3132 uniuntur,
2078 3069 2173 3120 Sed
2192 3072 2391 3132 factum
2408 3090 2495 3138 pa·

1438 3143 1568 3206 rum]
1602 3143 1777 3194 Infra:
1808 3147 1824 3172 ⁴
1848 3146 2050 3209 Litigiis
2072 3147 2241 3197 audax
2270 3157 2329 3198 et
2357 3151 2495 3200 citra

1439 3219 1623 3281 pra-lia
1655 3219 1843 3268 fortis!
1908 3221 2042 3270 Vide
2076 3223 2230 3271 etiam
2267 3239 2347 3274 vr.
2379 3229 2496 3275 60⁴.

1439 3295 1746 3343 Petronius:
1781 3294 1799 3321 ‘
1824 3294 2258 3347 absentem'votis
2296 3299 2491 3347 interti-

1437 3371 1512 3420 cit
1532 3369 1769 3419 hostem!

1499 3435 1598 3496 820
1632 3445 1880 3508 Laerymis
1918 3446 2151 3509 certatur]
2194 3446 2316 3496 Sen.
2354 3448 2489 3496 Con·

1437 3531 1570 3570 trov.
1609 3533 1685 3570 vr.
1714 3524 1763 3568 8.
1796 3519 1811 3546 ‘
1835 3520 2087 3582 laci-yrum
2114 3526 2230 3567 sunt
2271 3520 2489 3582 pignora

1433 3596 1720 3647 nolentium
1736 3593 1771 3644 :’
1805 3595 1957 3658 paulo
1978 3599 2120 3656 post:
2154 3595 2169 3621 ‘
2195 3594 2375 3642 Fletus
2397 3595 2487 3642 liu-

1434 3687 1699 3722 mnuarum
1761 3669 2127 3721 necessitatum
2195 3671 2485 3718 verecunda

1431 3747 1699 3796 execratio
1721 3743 1838 3794 est.'

1471 3823 1543 3870 Et
1557 3835 1739 3870 omnem
1757 3820 2029 3868 Excessisse
2046 3824 2185 3882 putat
2192 3819 2351 3883 flendi
2370 3835 2483 3883 par·

1430 3894 1619 3945 cinsima
1638 3894 1835 3957 luctum]
1866 3895 1933 3943 Se
1956 3895 2153 3944 scilicet
2176 3897 2481 3958 excessisse-3

1433 3986 1572 4035 soepe
1585 3971 1721 4020 enim
1739 3969 1978 4034 talequid
1998 3969 2215 4029 omittit,
2232 3983 2295 4018 n.
2316 3971 2480 4022 ‘haec-

1427 4061 1492 4096 ne
1535 4047 1763 4095 animosa
1799 4045 2052 4108 superbit,
2090 4045 2481 4096 Solius'memi·

1427 4122 1562 4170 nisse
1598 4117 1743 4170 viri?
1800 4121 1883 4169 v.‘
1908 4119 2235 4170 reminiscere
2270 4123 2477 4172 tandem

1424 4198 1709 4260 Spartanos
1720 4194 1937 4244 coluisse
1947 4195 2077 4243 laren
2093 4193 2125 4240 ι’
2139 4209 2215 4245 vr.
2226 4197 2241 4224 ‘
2254 4197 2477 4262 Fingere

1426 4287 1571 4323 sacra
1603 4278 1777 4327 vovet,
1812 4269 1963 4334 fingit
1993 4285 2049 4319 se
2084 4286 2233 4323 sacra
2264 4289 2477 4338 vovere,
