3173 4957
913 399 1010 446 ΒΕ
1058 397 1299 446 annno
1345 397 1697 446 'rao-uno
1746 399 1886 448 un.
1932 400 2047 450 nr.
2099 425 2111 432 -
2432 385 2565 448 443

376 541 588 608 Arma
615 542 881 617 animis,
907 541 1244 625 mentique
1271 541 1586 626 frequens
1616 542 1909 608 illabitur
1930 541 2133 626 Argo,

381 644 912 727 Laomedonque
930 643 1196 726 jacens,
1217 648 1289 708 ct
1315 643 1546 708 inultae
1571 643 1865 710 dedecus
1885 645 2097 708 urbis.

381 746 950 828 Conclamantque
978 747 1234 810 iterum.
1321 743 1634 821 Quonam
1664 764 1904 829 usque,
1934 765 1977 809 o
1999 746 2209 812 libera
2236 746 2449 829 pubes

383 843 722 912 Dardanio
749 851 1032 928 cognata
1057 845 1248 921 Iovi,
1278 845 1609 928 patiemur
1636 847 1917 912 inultum
2003 887 2011 896 -
2474 845 2566 910 80

379 949 516 1012 Tot
531 947 812 1031 jugulos
839 948 1142 1012 rubuisse
1169 948 1454 1012 senam?
1499 952 1604 1010 tot
1628 947 1809 1012 colla
1840 954 2183 1031 parentum

378 1051 632 1133 Argiva
658 1055 922 1114 nutasse
950 1069 1152 1114 manu
1169 1050 1204 1112 ’ἱ
1248 1067 1382 1113 non
1410 1048 1625 1132 impia
1654 1051 1882 1114 sanxit

384 1149 707 1233 AtropoS,
738 1149 870 1216 hoc
897 1149 1100 1215 etiam
1133 1151 1386 1214 nostris
1415 1149 1799 1214 incumbere
1830 1149 2011 1224 fatis,

380 1249 682 1317 Ultorem
700 1270 836 1315 non
865 1270 1064 1334 posse
1093 1250 1261 1316 dari.
1334 1250 1423 1314 Si·
1433 1251 1725 1316 numinis
1752 1252 1925 1318 iram

379 1354 588 1439 Troja
607 1372 866 1419 merens
896 1354 1130 1431 sensit,
1162 1370 1436 1435 poenam
1465 1372 1737 1437 quoque
1756 1352 1991 1438 judice
2021 1355 2283 1421 Phoebo
2482 1354 2569 1418 85

382 1454 556 1521 Dira
579 1454 934 1538 Myceneae
963 1454 1216 1520 debent
1245 1454 1558 1520 convivia
1584 1475 1855 1520 mensae.

385 1557 494 1622 Ite
523 1557 754 1633 duces,
780 1555 1013 1621 Venus
1040 1556 1214 1636 haec,
1234 1557 1380 1620 haec
1413 1558 1661 1622 certior
1687 1577 1893 1640 augur
1924 1558 2181 1643 Apollo

388 1659 584 1722 Bella
595 1658 807 1742 jubet,
835 1657 1246 1741 fratrumque
1269 1659 1608 1729 exhausta
1632 1659 1931 1724 funditus
1959 1661 2123 1724 urbe

390 1760 630 1824 Poscit
647 1751 1004 1824 inoffensos
1033 1759 1332 1842 Phrygio
1353 1759 1641 1824 ductore
1664 1765 1943 1825 meatus·

384 1863 582 1928 Unde
613 1867 851 1939 metus,
881 1869 1101 1926 metus
1129 1860 1327 1939 unde,
1356 1860 1483 1926 viri
1505 1863 1538 1924 ‘t
1581 1863 1923 1926 concessit
1948 1864 2015 1926 in
2046 1861 2229 1944 ignes
2483 1859 2571 1924 90

291 1966 294 1968 ’
347 2003 352 2006 -
384 1964 668 2028 Indutns
689 1963 983 2028 Nessum
1013 1961 1429 2046 Tirynthius,
1457 1981 1619 2026 ecce
1642 1961 1903 2027 timoris

383 2061 608 2132 Causa
635 2065 816 2150 prior
837 2064 1094 2144 cessit3
1107 2063 1341 2146 spirat
1363 2083 1488 2149 par
1525 2049 1853 2129 Herculis
1886 2063 2184 2130 Hector:

381 2167 560 2233 Ecce
590 2169 852 2232 animos
882 2187 1044 2250 gens
1072 2173 1301 2242 nostra
1329 2165 1539 2232 dabit.
1624 2165 1704 2231 Si
1730 2167 1948 2250 prima
1966 2166 2271 2248 Pelasgis

388 2269 673 2350 Laurea,
701 2271 803 2334 fas
832 2269 1210 2354 Phrygibus
1239 2269 1539 2353 palmam
1561 2288 1832 2352 sperare
1862 2268 2253 2350 secundam,

383 2373 474 2436 Et
495 2379 760 2436 nostros
785 2372 1062 2436 rediisse
1104 2373 1300 2435 Deos
1328 2392 1347 2436 ε
1391 2391 1520 2436 vos
1547 2371 1805 2455 inclyta
1824 2372 2071 2436 saltem
2484 2366 2573 2432 95

384 2473 701 2557 Pignora,
732 2492 1061 2538 caesorum
1075 2472 1345 2555 jugulos
1373 2473 1600 2555 lugete
1624 2480 2016 2556 paren-tum:

380 2576 553 2652 Vos,
577 2574 819 2659 quibus
848 2574 1120 2637 uberior
1147 2574 1485 2656 lacrymas
1515 2572 1757 2656 injuria
1787 2573 2020 2648 nectit,

379 2676 531 2742 Vos
561 2676 786 2757 pietas
813 2680 1072 2739 armata
1101 2679 1318 2739 vocat.
1410 2672 1528 2739 Sic
1555 2692 1727 2745 voce
1768 2677 2147 2757 precantur,

381 2774 871 2857 Intenduntque
895 2794 1170 2841 manus,
1215 2794 1431 2858 aegras
1464 2796 1623 2839 cum
1654 2774 2012 2841 Panthus
1990 2794 2061 2838 111
2094 2791 2292 2838 aures

384 2878 661 2943 Priscos
691 2877 982 2939 fatorum
1012 2876 1304 2942 monitus
1335 2878 1519 2952 serit,
1551 2883 1621 2941 et
1648 2876 1829 2965 quod
1863 2876 1999 2941 ab
1980 2876 2149 2959 ipsis
2446 2872 2575 2935 100
2675 2932 2689 2941 .

385 2978 687 3045 Extorsit
714 2978 973 3059 genitor
1003 2979 1226 3064 adytis
1256 2978 1691 3064 Euphorbius
1720 2978 1951 3056 index,

386 3081 470 3145 In
496 3080 785 3145 medium
820 3081 1062 3175 pandit
1082 3082 1358 3166 proles.
1403 3081 1715 3166 Lapsura
1738 3081 1863 3145 sub
1895 3080 2103 3145 armis

389 3182 736 3266 Pergama,
767 3183 828 3247 si
858 3168 1188 3265 Phrygias
1221 3184 1488 3247 Helene
1521 3182 1980 3248 conscendat
1960 3201 2032 3245 m
2052 3181 2278 3244 urbeS.

465 3274 556 3349 Η
549 3284 606 3349 is
626 3284 771 3368 jam
794 3283 978 3349 facta
1007 3284 1178 3361 fides
1202 3284 1512 3361 ducibUS,
1543 3283 1869 3364 vulgique
1896 3282 2225 3346 tumultus

389 3386 712 3453 Flectitur
741 3404 760 3450 t
813 3404 858 3451 o
888 3394 1136 3469 quanto
1157 3385 1402 3470 priscis
1422 3404 1600 3449 nova
1629 3383 1895 3447 mollius
1923 3380 2183 3464 urgent!
2445 3377 2575 3443 105

386 3489 554 3559 Plus
583 3486 828 3570 Superi
868 3480 1181 3553 constant
1211 3486 1478 3552 Pantho
1506 3490 1918 3549 memorante
1949 3482 2199 3557 futura,

389 3592 618 3669 Quam
645 3587 908 3653 dicente
939 3589 1251 3669 HeLeno:
1293 3589 1555 3654 Priami
1588 3594 1815 3653 tamen
1834 3603 2015 3669 aegra
2045 3581 2324 3647 lacessit

1369 3838 1595 3891 NOTA-2

451 3981 516 4026 88
554 3976 868 4039 Fratrumque
881 3975 1110 4024 exhausta
1119 3976 1346 4035 funditus
1359 3991 1444 4027 ur·
1522 3976 1755 4040 densque
1770 3972 1985 4025 manus?

387 4054 466 4117 be]
500 4053 826 4113 Atridarum,
845 4052 1110 4116 Mycenis.
1588 4056 1684 4102 102
1716 4052 1933 4115 Lapara
1950 4048 2036 4098 aab
2050 4043 2221 4108 armis]
2253 4042 2459 4109 Melias,
2478 4043 2577 4095 Ar-

455 4132 521 4176 99
551 4128 898 4192 luendumque
939 4129 1132 4192 amaus]
1184 4126 1341 4177 ovid.
1377 4126 1444 4179 de
1519 4129 1619 4191 gis,
1642 4127 1779 4194 quod
1800 4142 1892 4179 ora
1911 4124 2027 4175 libri
2048 4121 2243 4172 habuit.

395 4204 554 4268 Ajace
563 4204 718 4268 irato,
735 4218 862 4255 1111.
875 4205 1224 4271 Metamorph.
1241 4207 1256 4233 ‘
1270 4204 1442 4255 Inten-
