3173 4957
603 415 735 481 580

607 572 828 622 diderint
881 571 1034 621 fuisse
1093 577 1210 633 post
1257 569 1666 630 Constantinum,

608 663 676 696 ex
699 648 788 695 illa
814 647 1195 695 narratiuncula
1219 660 1334 708 quae
1363 645 1492 693 libro
1531 659 1665 706 prae-

605 725 710 772 fixa
755 723 990 772 codicem
1028 724 1078 768 in
1113 723 1352 783 sepulcro
1400 727 1670 782 repertum

610 798 808 856 Rutilio
856 795 1013 845 Ruffo
1047 796 1216 844 Cretae
1264 795 1536 844 consulari
1579 794 1672 842 ob-

608 875 768 922 latum
821 871 1037 931 refert;
1095 871 1167 918 ita
1215 871 1353 918 euim:
1415 878 1556 918 recte
1616 869 1669 917 in

611 959 832 1014 utroque
866 951 968 998 Ms.
1037 947 1111 996 At
1148 947 1456 996 Consulares
1496 961 1670 1010 quam-

612 1029 688 1076 vis
712 1027 916 1091 quidam
943 1025 1006 1074 ab
1031 1023 1281 1083 Adriano,
1311 1030 1481 1071 tamen
1521 1023 1674 1084 pleri·

611 1117 712 1166 que
763 1117 792 1149 a
848 1100 1187 1149 Constantino
1257 1099 1498 1158 instituti,
1554 1112 1671 1147 cum

612 1177 864 1226 translata
884 1174 1007 1222 sede
1039 1174 1263 1236 imperii,
1293 1174 1669 1235 provinciarum

610 1254 835 1302 omnium
861 1251 1316 1300 administrationis
1350 1257 1406 1298 et
1423 1249 1673 1313 jurisdic-

612 1329 766 1377 tionis
808 1326 1036 1375 ordinem
1073 1325 1315 1379 mutavit‚
1351 1333 1408 1374 et
1448 1325 1500 1372 in
1535 1326 1672 1376 occi-

612 1403 769 1452 dente
811 1401 992 1462 viginti
1031 1400 1320 1462 provincias
1361 1400 1673 1462 magistrati-

615 1476 1089 1526 bus=consularium
1124 1476 1328 1524 nomine
1354 1489 1536 1539 parere
1561 1474 1673 1538 jus-

614 1555 725 1613 sit;
781 1554 832 1601 iu
879 1552 1099 1601 Oriente
1142 1551 1461 1615 quindecim,
1504 1553 1560 1600 in
1614 1551 1675 1600 iis

616 1627 866 1676 Cretam:
924 1627 1066 1695 quoq
1105 1627 1399 1689 ignoratum
1446 1625 1674 1674 officina-

614 1718 726 1751 rum
771 1702 1152 1751 correctoribus
1187 1717 1272 1751 eos
1310 1703 1583 1765 impulerat
1617 1709 1676 1750 ut

616 1792 712 1841 pro
751 1777 1019 1828 consulari
1065 1777 1443 1826 substituerent
1490 1778 1676 1826 Praesi-

614 1853 763 1902 dem:
801 1854 934 1902 sicut
971 1852 1126 1901 iidem
1164 1854 1436 1903 maximam
1473 1861 1676 1917 partem

615 1927 1113 1990 elegantissimorum
1147 1928 1462 1977 locutionum
1499 1935 1555 1977 et
1588 1943 1676 1976 an·

615 2002 870 2064 tiquarum
895 2001 1172 2050 dictionum
1193 2003 1318 2050 mira
1337 2002 1539 2051 inscitia
1561 2016 1680 2050 cor-

615 2085 880 2138 ruperant,
925 2093 1057 2141 quas
1089 2093 1177 2126 uos
1217 2077 1537 2127 restituimus
1576 2093 1676 2142 ope

617 2152 832 2199 duorum
854 2153 980 2201 Mss.
1001 2153 1257 2212 codicum,
1280 2168 1555 2217 eorumque
1576 2169 1676 2202 non

619 2241 743 2274 sane
767 2229 1114 2292 antiquorum,
1136 2229 1224 2278 sed
1249 2238 1422 2280 tamen
1459 2232 1677 2292 scripto-

616 2319 729 2352 rmn
766 2311 884 2355 ante
919 2307 1184 2368 vulgatam
1221 2305 1385 2356 a'rtem
1426 2315 1678 2372 typogra-

618 2379 840 2440 phicam.
909 2380 1055 2430 Unus
1096 2381 1196 2429 fuit
1233 2383 1414 2443 optimi
1451 2390 1507 2432 et
1547 2385 1678 2432 anti-

618 2456 835 2519 quitatis
871 2457 1200 2506 curiosissimi
1243 2457 1400 2507 Petri·
1428 2459 1677 2521 Danielis,

617 2546 769 2595 quem
789 2545 885 2581 uos
906 2547 1038 2583 anno
1061 2547 1169 2583 cm.
1189 2548 1261 2584 to.
1286 2548 1526 2585 mxxxnt.
1553 2551 1680 2584 con-

619 2608 864 2657 tulimus:
902 2610 1038 2658 alter
1073 2609 1133 2657 C.
1174 2610 1241 2658 V.
1278 2609 1427 2658 Pauli
1471 2611 1677 2660 Patavii

619 2682 790 2731 Curiae
815 2683 1124 2732 parisiensis
1148 2685 1447 2743 consiliarii,
1469 2700 1572 2747 quo
1602 2688 1677 2733 usi

616 2772 790 2807 sumtis
815 2773 946 2806 anno
960 2773 1066 2808 cto.
1092 2773 1162 2809 io.
1180 2772 1306 2808 xcv..
1332 2758 1420 2808 sed
1437 2774 1500 2807 eo
1525 2761 1677 2823 longo

617 2834 888 2883 detesiori.
957 2835 1156 2883 Horum
1181 2848 1280 2895 ope
1305 2832 1426 2883 freti
1453 2833 1679 2883 infinitas

618 2910 827 2957 mendas
843 2921 908 2955 ex
934 2908 1159 2969 eleganti
1179 2909 1431 2969 scriptore
1459 2910 1678 2957 detersi-

619 2998 750 3043 mus,
777 2997 985 3045 quarum
1015 2984 1234 3031 omnium
1269 2998 1366 3031 non
1401 2998 1575 3033 snmus
1598 3000 1677 3034 ra-

621 3058 812 3104 tionem
839 3056 1090 3104 reddituri
1115 3057 1164 3103 in
1181 3057 1258 3104 his
1276 3059 1428 3120 notis,
1461 3073 1526 3107 ne
1547 3074 1679 3122 opus

619 3134 682 3182 in·
709 3134 1010 3181 immensum
1051 3142 1285 3183 crescat:
1321 3136 1446 3185 satis
1493 3138 1593 3186 erit
1626 3139 1677 3186 iu

621 3208 1311 3273 praesentiaruminsigniora
1333 3211 1570 3274 quaedam
1589 3227 1678 3260 no—

623 3292 757 3344 tare,
797 3283 918 3333 dum
957 3285 1095 3333 aliud
1143 3294 1348 3348 tempus
1387 3286 1677 3351 deturque

619 3358 686 3407 de
713 3358 918 3422 judicio
957 3359 1186 3409 adhibito
1211 3374 1238 3409 a
1263 3369 1440 3412 nostro
1464 3370 1677 3411 auctore

618 3435 675 3483 iu
697 3434 1008 3497 explicanda
1039 3443 1148 3485 tota
1170 3438 1266 3485 hac
1288 3437 1502 3488 historia
1536 3438 1678 3501 sigil-

617 3511 764 3559 latim
801 3509 1060 3570 dit-amun
1095 3518 1150 3557 et
1190 3526 1326 3561 nnnc
1364 3514 1524 3563 semel
1571 3529 1679 3563 mo-

619 3598 746 3633 nere
765 3585 1032 3644 lectorem,
1047 3591 1228 3635 cetera
1245 3602 1361 3649 qum
1377 3588 1428 3637 in
1446 3578 1543 3637 bac
1567 3590 1677 3637 edi-

619 3660 760 3708 tione
781 3658 1090 3709 mutavimus
1115 3661 1410 3711 auctoribus
1443 3662 1505 3712 iis
1530 3662 1675 3711 libris

619 3749 732 3783 esse
753 3741 968 3783 mutata.

615 3840 620 3853 .
685 3810 864 3874 Dictys
892 3811 1138 3860 Cretensis
1169 3812 1368 3875 genere]
1409 3812 1538 3862 Haec
1570 3813 1675 3864 vel·-

619 3885 696 3933 uti
721 3884 960 3947 praefatio
982 3886 1036 3933 iu
1058 3885 1205 3934 libris
1225 3887 1411 3934 nostris
1429 3895 1541 3937 erat
1564 3890 1673 3937 sine

621 3960 727 4007 ulia
743 3960 1104 4022 inscription03
1128 3968 1184 4008 at
1197 3973 1416 4023 sequens
1433 3962 1674 4024 epistola,

619 4048 738 4096 qum
766 4035 974 4097 vulgata
998 4036 1094 4084 sub
1117 4035 1322 4083 nomine
1347 4036 1412 4087 Q.
1437 4038 1676 4099 Septimii

621 4109 858 4172 Romani,
892 4111 1031 4159 utilia
1067 4117 1151 4159 est
1171 4110 1222 4159 in
1245 4111 1470 4174 antiquis
1502 4122 1676 4160 exem·

620 4183 866 4246 pluribus.
967 4186 1154 4248 usqne
1221 4200 1326 4237 non
1380 4186 1675 4239 dubitamus

619 4258 742 4320 quin
762 4256 878 4323 hese„
891 4258 960 4307 sit
991 4259 1057 4308 ab
1081 4260 1192 4322 ipso
1209 4262 1464 4324 scriptore
1486 4264 1677 4327 operis,

867 430 1082 479 NOTAE
1133 427 1537 477 VARIORUM
1585 427 1666 474 IN
1716 425 2010 474 ntc'rYM
2058 423 2541 473 GRETENSBM.

1744 568 1831 631 qui
1871 567 2108 630 apposite
2148 565 2299 616 finxit
2331 568 2446 615 haee
2480 565 2545 614 de
2585 549 2814 614 Punicis

1745 643 1925 697 literis,
1948 644 2013 691 de
2038 643 2213 692 art-uia
2253 649 2490 704 stannea,
2523 641 2590 690 de
2629 641 2816 703 sepul-

1746 737 1837 771 cro
1860 729 2154 770 terraemotu
2175 721 2467 783 patefacto,
2486 720 2552 766 de
2572 720 2817 781 Euprax-

1746 797 1851 861 ide,
1876 797 2068 845 Rutilio
2089 798 2262 846 Cretae
2288 796 2574 855 Consului,
2614 804 2675 843 et.
2697 794 2813 843 Ne-

1746 886 1871 920 rone
1901 871 2051 933 eujus
2060 871 2210 934 jussu
2236 870 2367 918 liber
2388 871 2437 918 in
2458 870 2702 919 Graecum
2736 869 2815 918 sit

1746 957 2039 996 conversus.
2107 945 2151 994 A
2188 946 2387 994 recenti
2427 959 2578 993 manu
2602 951 2685 992 est
2718 944 2817 993 ina

1746 1022 2001 1086 Septimii,
2040 1036 2155 1086 quae
2197 1022 2320 1069 nihii
2362 1021 2483 1068 novi
2520 1020 2689 1080 addit,
2708 1018 2815 1067 nisi

1746 1098 2029 1146 versionem
2048 1111 2077 1144 e
2098 1097 2285 1144 Graeeo
2304 1097 2353 1144 in
2376 1096 2633 1157 Latinum,
2652 1108 2813 1158 quam

1746 1173 1975 1222 novicius
1991 1173 2071 1221 hio
2087 1173 2375 1221 sarcinator·
2388 1170 2598 1218 videbat
2622 1171 2814 1219 deesse

1746 1250 1995 1311 superiori
2010 1249 2308 1308 narrationi,
2328 1255 2382 1296 et
2401 1247 2691 1295 contractio
2710 1248 2819 1294 τᾶν

1747 1324 1928 1374 νόστου
1949 1326 1999 1373 iu
2024 1325 2227 1385 unic-um
2244 1324 2449 1386 librum,
2471 1322 2608 1386 quod
2628 1336 2692 1370 eo
2717 1323 2817 1370 ad·

1748 1401 1902 1462 didit,
1918 1401 2037 1466 quia
2059 1399 2195 1463 apud
2227 1399 2435 1449 Suidam
2456 1400 2661 1461 legerat
2684 1398 2814 1448 Dic·

1750 1484 1856 1539 tym
1891 1478 2157 1540 scripsisse
2192 1476 2349 1524 libros
2385 1489 2602 1524 novem:
2640 1475 2734 1524 sed
2768 1474 2814 1523 is

1734 1545 1849 1601 'suit
1880 1553 2066 1616 Dictys
2086 1551 2302 1601 Graecus
2327 1551 2459 1600 alius
2484 1557 2731 1612 anostro‚
2752 1556 2817 1598 ut

1749 1628 2054 1676 monuimus.
2141 1627 2213 1676 At
2245 1632 2475 1674 nostrum
2519 1639 2614 1672 sex
2661 1623 2815 1672 libris

1750 1704 2041 1752 absolutum
2065 1705 2174 1764 ipsa
2195 1705 2306 1758 haee
2327 1700 2568 1766 praefatio
2593 1703 2791 1750 retulit.

1816 1780 1877 1827 In
1915 1778 2172 1840 Achaiam]
2239 1779 2356 1830 Quo
2411 1778 2623 1826 nomine
2672 1777 2817 1826 dicta

1752 1869 1867 1918 quae
1887 1853 2003 1904 olim
2030 1855 2257 1913 Graecia,
2290 1860 2408 1915 post
2430 1853 2601 1900 victos
2622 1850 2814 1901 Acba-

1751 1944 1843 1990 os;
1878 1941 1929 1980 et
1954 1931 2143 1980 mansit
2168 1929 2217 1978 id
2244 1943 2428 1978 nomeu
2454 1927 2669 1977 Acbaiae
2693 1943 2816 1991 pro·

1752 2009 1932 2058 vincia·
1970 2009 2064 2057 sub
2098 2007 2508 2071 Imperatoribns
2545 2006 2819 2072 Romanis,

1750 2090 1807 2132 et
1824 2084 1873 2132 iu
1900 2099 2030 2133 nova
2052 2083 2305 2132 divisione
2324 2083 2674 2132 Constantini.

1820 2161 2093 2222 Consectari]
2140 2159 2227 2209 Ita
2282 2158 2399 2207 libri
2458 2158 2655 2220 scripti,
2701 2171 2815 2207 non

1750 2236 1766 2263 ⁴
1786 2234 2030 2298 praesidi‚'
2064 2235 2199 2298 quod
2226 2234 2451 2296 imperiti
2484 2240 2816 2284 correctores

1754 2313 2103 2372 vulgaverant.
2172 2311 2480 2360 Consulares
2530 2312 2709 2359 volunt
2755 2312 2817 2359 in

1751 2389 2057 2452 quibusdam
2106 2389 2385 2450 provinciis
2430 2388 2694 2436 institutos
2742 2389 2813 2438 ab

1756 2463 1985 2514 Adriano
2033 2465 2385 2528 Imperatorez
2440 2463 2538 2513 hoe
2587 2470 2814 2521 certum,

1754 2544 1925 2604 plures
1950 2542 2278 2603 magistratus
2317 2542 2413 2590 hoc
2448 2540 2652 2589 nomine
2678 2554 2817 2602 prm-

1752 2615 1917 2665 fectos
1938 2632 1969 2663 a
1992 2618 2333 2666 Constantino
2368 2617 2541 2678 parvis
2575 2624 2633 2665 et
2657 2630 2815 2678 paca-

1754 2693 1821 2741 tis
1855 2694 2167 2755 provinciis;
2200 2694 2252 2741 in
2287 2693 2351 2741 iis
2375 2689 2567 2743 Creta·-
2605 2692 2815 2741 Notitia

1751 2770 1985 2831 Imperii.

1820 2847 2032 2902 Quorum
2068 2846 2262 2910 seriem]
2312 2846 2391 2895 Et·
2422 2846 2535 2893 ime
2576 2842 2815 2905 indicant

1752 2930 2051 2985 sequentem
2097 2923 2369 2983 epistolam
2422 2920 2661 2983 Septimii
2718 2934 2814 2967 no-

1752 2997 1887 3044 mine
1910 2996 2103 3045 editam
2126 3011 2241 3051 esse
2280 3011 2309 3043 a
2336 2997 2468 3043 mala
2492 3009 2661 3058 nnana,
2691 3010 2811 3058 qum

1752 3085 1851 3118 nec
1885 3078 2031 3119 extat
2068 3072 2117 3118 in
2151 3071 2297 3119 libris
2336 3070 2716 3131 manuscriptis,
2752 3076 2815 3119 et

1752 3148 1936 3195 seriem
1963 3148 2100 3195 itane
2122 3148 2312 3208 turbat,
2342 3161 2507 3210 neque
2530 3148 2813 3210 quicquam

1752 3223 1867 3269 novi
1892 3236 1984 3270 nos
2002 3220 2174 3282 docet,
2194 3222 2284 3269 sed
2300 3223 2582 3283 interpolat
2605 3229 2814 3271 tantum

1753 3312 1869 3359 quae
1892 3298 1943 3346 in
1969 3298 2219 3359 superiori
2241 3313 2256 3358 ;
2290 3304 2344 3346 et
2366 3298 2563 3348 Quinto
2582 3296 2813 3346 Arcadio

1752 3372 2000 3436 inscripta
2062 3373 2113 3421 in
2182 3369 2439 3421 Ruffinum
2494 3370 2703 3431 desinit,
2754 3380 2815 3422 et

1756 3448 2139 3510 premeridem
2176 3449 2404 3496 nominat
2441 3447 2577 3495 bunc
2619 3446 2813 3497 librom

1751 3524 1917 3573 minus
1950 3524 2180 3587 proprie,
2216 3530 2290 3583 et,
2328 3528 2387 3571 ut
2424 3522 2583 3570 semei
2620 3521 2816 3585 dicam,

1749 3602 1955 3650 omnino
1978 3608 2061 3649 est
2083 3599 2267 3662 nuperi
2296 3605 2353 3648 et
2374 3598 2603 3658 imperiti
2638 3612 2813 3660 gram·

1748 3676 1979 3725 maticuli
2002 3676 2274 3738 scriptum.
2345 3673 2629 3722 Addebam
2652 3688 2812 3736 supe·-

1748 3752 1913 3805 riores
1960 3752 2211 3801 editiones
2258 3750 2599 3813 appendicem
2647 3764 2811 3813 quan-

1748 3826 1865 3875 dam
1894 3828 2298 3890 genealogicam,
2322 3825 2615 3888 imperitius
2651 3826 2809 3873 etiam

1748 3904 2013 3965 scriptam,
2034 3903 2319 3967 quamjure
2341 3902 2527 3951 merito
2544 3900 2811 3965 expunxi-

1746 3992 1875 4026 mus.

2164 4090 2300 4141 LIB.
2339 4090 2383 4139 1.

1811 4191 1841 4253 ἦ
1866 4193 1892 4238 Ῑ
1944 4191 2033 4240 Ad·
2066 4190 2344 4241 dividendas
2382 4190 2509 4239 istor.
2544 4205 2598 4239 se
2644 4191 2809 4239 Creta·

1745 4266 1876 4329 ⁰12⁸]
1909 4266 2123 4330 Imigne
2158 4268 2409 4317 mendum.
2438 4267 2809 4329 insederatip-
