3173 4957
508 373 637 439 484

1292 386 1600 436 JosssPffl
1650 386 1900 435 lscAm

508 532 706 596 Errat
732 550 921 597 caeca
946 529 1096 594 freti
1126 529 1391 606 classis,
1422 530 1801 613 solitosque
1830 531 2134 613 procella

507 633 837 713 Egressus
867 631 1131 714 objecta
1157 636 1381 712 negat,
1412 632 1743 695 fluitantia
1771 632 2006 714 pinum

507 733 893 797 Percellunt
920 732 1205 795 mediam
1233 733 1512 815 repetito
1540 733 1808 796 verbere
1836 732 2006 795 vela.

592 833 857 897 Primus
886 839 965 897 ut
994 852 1037 896 a
1064 851 1259 915 prora
1288 840 1632 914 surgentes
1665 830 2002 914 conspicit
2027 832 2280 897 imbres

506 934 961 1012 Thestorides,
988 934 1357 1017 frustraque
1388 933 1595 997 duces
1626 932 2046 1009 contendere,
2081 932 2309 999 Divo-s

509 1034 827 1117 Praesago
847 1035 1044 1118 jubet
1074 1054 1187 1099 ore
1219 1036 1436 1116 sequi,
1464 1034 1850 1097 nolentibus
1888 1033 2152 1097 Austris

509 1136 786 1217 Cedere,
816 1143 882 1200 et
911 1141 1195 1200 armatos
1223 1135 1424 1198 ordiri
1453 1154 1542 1197 ex
1570 1132 1822 1197 Aulide
1853 1154 2110 1198 cursus·

594 1236 837 1303 Parent
864 1238 1132 1301 AEolios
1163 1244 1367 1299 nutus
1389 1241 1737 1318 vatemque
1763 1236 1978 1299 secuti

2567 1236 2696 1301 305

504 1339 925 1424 Grajugenae,
955 1342 1025 1403 et
1052 1338 1248 1401 flexis
1277 1344 1653 1419 repetentes
1683 1334 1936 1400 Aulida
1964 1337 2137 1401 velis

508 1439 923 1520 Montivagae
957 1436 1260 1502 Phoebes
1288 1458 1520 1522 pacem
1554 1438 2065 1520 implorantibus
2097 1438 2230 1501 aris

410 1620 415 1625 ⁸
508 1540 912 1616 Conciliaut,
940 1540 1257 1622 largoque
1286 1546 1570 1605 exorant
1597 1539 1784 1603 thure
1813 1549 2128 1603 meatum.

591 1641 787 1705 Ilicet
811 1642 985 1706 irato
1012 1641 1259 1704 bibulae
1286 1640 1836 1705 Thaumandidos
1867 1660 2022 1704 arcu

1416 1818 1597 1841 OOOOO

569 1906 667 1951 306
689 1901 872 1971 ,Ρνοήε
894 1900 997 1952 Ms.
1020 1914 1183 1963 marg.

1602 1818 1783 1839 000000

1490 2018 1539 2066 N
1549 2014 1704 2065 OTAE

506 2113 683 2163 ἔνοικοι·
701 2113 824 2175 θεὸς,
847 2113 1079 2162 Hierocli
1099 2127 1149 2175 p.
1172 2116 1284 2163 118.
1340 2112 1428 2161 Ita
1450 2114 1557 2161 De-

505 2191 741 2252 calogum
785 2188 801 2215 ‘
817 2190 1019 2251 rupices
1044 2188 1255 2251 paginas
1272 2194 1327 2236 et
1346 2202 1555 2238 saxeum

504 2266 743 2314 volumen
760 2264 773 2285 '
808 2264 1077 2327 elegantis.
1144 2264 1416 2313 Salvianus
1441 2279 1481 2313 1.
1504 2279 1557 2328 p.

503 2343 667 2392 ³Lde
680 2342 970 2391 Gubernat.
991 2341 1113 2401 Dei,
1130 2341 1428 2390 nominavit.
1444 2343 1557 2391 Ma·

503 2432 617 2473 nus,
632 2415 907 2465 Aristoteli
922 2422 1003 2464 est
1015 2414 1213 2477 ὄργανον
1226 2414 1317 2475 πρὸ,
1328 2415 1555 2480 ὀργάνων,

502 2483 591 2543 ni.
628 2493 693 2542 ad
730 2506 879 2555 quem
912 2492 1123 2540 ductum
1151 2492 1381 2542 Galenus
1416 2509 1553 2543 men·

503 2575 631 2628 tem,
652 2565 835 2628 τέχνην
853 2564 943 2628 πρὸ
962 2569 1166 2625 τεχνῶν,
1191 2573 1363 2615 vocat.
1430 2568 1554 2616 [sid.

504 2644 683 2706 Peius.
702 2643 953 2706 somnum,
969 2643 1057 2700 τῆς
1077 2641 1262 2703 φύσεως
1282 2641 1467 2704 λιμένα.

545 2719 663 2768 Noa:
675 2719 898 2767 imbribus
910 2719 1091 2766 haustis
1105 2718 1277 2780 Ebria]
1289 2719 1423 2768 Vide
1437 2719 1556 2768 Mu·

502 2796 601 2846 reti
623 2797 751 2843 Var.
772 2795 899 2844 lect.
920 2807 975 2843 v.
992 2798 1045 2842 6.
1077 2793 1289 2844 Junium
1314 2793 1557 2843 Animad.

500 2886 587 2920 m.
608 2876 656 2920 6.
724 2869 976 2920 Rittersh.
1012 2867 1077 2917 ad
1123 2869 1421 2931 Oppianum
1466 2869 1559 2916 ali·

500 2952 629 3011 quot
651 2944 797 2993 locis.
860 2939 946 2991 Ita
968 2942 1165 3004 μεθύων,
1202 2950 1257 2991 et
1292 2943 1557 3007 chrysost.

500 3021 657 3070 Hom.
678 3024 760 3069 23.
785 3020 837 3067 in
866 3020 1001 3068 Mat.
1018 3021 1082 3082 τῇ·
1100 3018 1231 3081 ὕβρει
1250 3016 1484 3081 πάροινος,
1506 3035 1558 3083 p.

498 3100 614 3145 280.
647 3094 777 3145 ὑετὸς
795 3093 988 3154 μεθῦσει
1006 3093 1099 3152 τὴν
1114 3097 1226 3154 γῆν,
1238 3094 1407 3142 Esaiae
1431 3100 1515 3144 55.

564 3174 662 3220 298
686 3171 829 3218 Eme
851 3184 974 3217 caca
981 3169 1109 3228 freti
1129 3168 1317 3230 classis]
1341 3170 1414 3218 Ut
1435 3169 1553 3217 Vir-

499 3244 589 3308 gil.
607 3246 623 3272 4
638 3259 779 3294 caeco
803 3245 1035 3306 carpitur
1056 3243 1200 3307 igni!
1230 3243 1317 3293 Ita
1338 3245 1555 3294 Tertull.

500 3320 635 3369 libro
659 3319 725 3368 de
747 3318 977 3368 Patieut.
1014 3319 1029 3346 4
1050 3333 1190 3368 caeca
1226 3317 1403 3368 vivere
1425 3319 1457 3380 ;'
1491 3320 1556 3368 de

499 3394 701 3445 Corona
721 3394 917 3456 militis,
939 3400 954 3422 ‘
972 3408 1113 3443 caeco
1133 3394 1265 3443 bono
1288 3394 1416 3456 suo,’
1431 3394 1555 3444 ‘cae·

496 3483 588 3518 cus
629 3470 873 3530 somnus,’
922 3469 1051 3519 libro
1085 3469 1149 3518 de
1183 3469 1389 3531 Anima,
1432 3473 1447 3496 4
1465 3471 1553 3533 qui

498 3546 611 3593 sine
655 3543 971 3594 visionibus!
1036 3544 1125 3592 Sic
1169 3544 1185 3571 4
1206 3544 1335 3592 vada
1376 3543 1555 3606 caeca,’

493 3620 683 3682 virgil.
733 3624 748 3648 ‘
763 3634 907 3669 caeca
951 3618 1103 3680 fata,’
1150 3620 1335 3668 Horat.
1378 3622 1393 3648 ‘
1408 3634 1549 3668 caeca

495 3695 683 3756 nocte,’
707 3697 898 3746 Lucan.
923 3708 980 3744 x.
1014 3696 1029 3722 ‘
1050 3708 1192 3743 caeca
1210 3692 1370 3742 futuri
1396 3694 1547 3741 Mens

493 3771 758 3820 hominum
810 3767 940 3831 fati:
986 3782 1047 3817 u.
1092 3770 1107 3796 ‘
1127 3767 1342 3816 Aurium
1383 3767 1549 3826 caeci,'

492 3845 843 3893 Tertullianus
861 3843 989 3892 libro
1014 3841 1078 3890 de
1101 3842 1284 3890 anima.
1316 3842 1403 3892 Sic
1422 3843 1549 3890 Var-

492 3933 552 3969 ro
569 3920 722 3981 dixit,
736 3922 752 3948 ‘
769 3916 1052 3979 viricasta‚'
1074 3917 1335 3966 ‘madidus
1354 3918 1548 3967 Miner-

491 3995 608 4044 voe.'
643 3999 805 4048 Mart.
828 3999 843 4025 ‘
864 3996 1045 4046 infelix
1060 3995 1382 4044 studiorum.’
1397 3995 1546 4054 virg.

497 4075 515 4100 4
531 4068 706 4120 effoeta
740 4071 886 4133 veri,’
914 4074 929 4100 ‘
949 4086 1077 4120 vana
1106 4069 1249 4130 veri:
1281 4071 1546 4132 ‘ingratus

498 4145 713 4203 salutis:
736 4147 1049 4196 ‘fortunatus
1068 4144 1335 4196 laborum.'
1390 4147 1546 4196 Stati·

493 4237 581 4271 us:
603 4221 843 4272 ‘blandus
859 4223 1101 4285 precum.’
1126 4224 1322 4273 Auson.
1343 4222 1359 4249 ‘
1375 4231 1546 4285 perte·

1641 2111 1758 2160 uuis
1803 2110 2011 2161 nieriti!
2066 2111 2276 2161 Tacitus
2299 2127 2314 2160 z
2346 2110 2362 2138 ‘
2379 2116 2526 2159 vetus
2563 2109 2694 2157 mili·

1643 2187 1766 2237 tioess
1793 2188 1808 2214 ‘
1829 2202 1966 2251 aeger
1999 2188 2206 2245 amissi,'
2241 2189 2412 2236 Silius.
2478 2188 2545 2235 Et
2571 2188 2692 2249 quia

1641 2262 1824 2323 plenus
1847 2271 1930 2310 est
1953 2261 2260 2310 Hellenismi
2277 2262 2433 2310 Silius
2455 2260 2692 2322 Italicus,

1639 2352 1754 2399 age,
1765 2339 1858 2386 nisi
1873 2336 2224 2402 σκυτρωπόζῃς,
2237 2345 2291 2386 et
2301 2338 2412 2385 haec
2428 2336 2690 2394 addamus,

1641 2427 1754 2475 quae
1779 2420 1926 2462 certe
1949 2412 2111 2461 καινόν
2121 2431 2170 2461 τι
2184 2422 2238 2461 et
2259 2410 2414 2473 γλυκὺ
2429 2410 2688 2461 redolent:

1637 2493 1653 2519 4
1672 2492 1792 2540 vitae
1817 2491 2102 2539 laudandus
2119 2505 2298 2553 opacae
2320 2489 2334 2511 ’
2351 2492 2366 2517 4
2389 2504 2543 2551 opum
2565 2487 2706 2536 levi-·

1638 2581 1698 2616 or
1718 2566 1732 2587 ⁹
1755 2574 1769 2595 ‘
1785 2567 1964 2616 doctus
1989 2569 2146 2629 virgae
2169 2567 2377 2628 sonipes
2395 2569 2410 2590 '
2438 2567 2453 2592 4
2473 2565 2690 2628 hyemis-

1638 2657 1738 2706 que
1755 2650 2014 2707 aestusque
2030 2642 2284 2706 famisque
2300 2640 2545 2690 invictus'
2563 2640 2580 2667 ‘
2601 2639 2693 2688 fati

1638 2718 1817 2766 melior
1835 2719 1850 2741 ’
1894 2720 2080 2766 ‘novus
2109 2719 2302 2767 doloris
2321 2722 2332 2744 ²
2365 2716 2691 2779 ‘impavidus

1633 2793 1813 2855 somni,
1835 2806 2020 2855 pravus
2051 2799 2184 2855 togae
2203 2792 2219 2814 ’
2247 2793 2263 2820 4
2281 2792 2505 2840 crudelis
2537 2792 2656 2840 belli
2679 2790 2695 2812 ’

1633 2867 1649 2894 4
1678 2867 2050 2929 pulcherrimus
2084 2870 2176 2916 ir·
2197 2868 2212 2890 ⁹
2262 2870 2278 2896 4
2300 2868 2396 2917 aevi
2429 2865 2691 2916 floridior'

1633 2943 1650 2971 4
1671 2943 1940 2991 damnatus
1957 2943 2062 2992 doli
2081 2943 2095 2965 ’
2131 2946 2146 2973 4
2161 2943 2322 2992 falsus
2346 2944 2511 3006 cupiti
2527 2943 2542 2964 '
2579 2945 2595 2971 4
2611 2943 2690 3005 pi-

1633 3019 1884 3082 gerrimus
1905 3019 2091 3082 undae}
2117 3026 2132 3048 ‘
2147 3021 2356 3068 anhelus
2370 3019 2556 3068 laboris
2573 3017 2609 3077 ;’
2631 3025 2689 3068 et

1633 3096 1780 3158 plura
1805 3095 1906 3144 alia
1923 3096 2059 3159 apud
2078 3095 2272 3145 Silium.
2316 3097 2404 3146 Sic
2431 3094 2689 3158 Apuleius,

1623 3173 1639 3199 4
1663 3173 1878 3236 largiter
1895 3187 2042 3236 aqnae
2063 3171 2336 3235 superest,'
2359 3179 2414 3220 et
2439 3170 2687 3220 Laberius

1631 3249 1766 3311 apud
1780 3249 2088 3309 charisium,
2117 3249 2354 3310 ‘largiter
2375 3248 2505 3297 lucri
2530 3245 2694 3296 fecit!

1701 3327 1798 3371 299
1823 3324 2092 3373 Fluitantr'a
2110 3324 2274 3386 pinum
2305 3323 2574 3373 Per-celiani
2593 3335 2688 3370 me-

1639 3398 1769 3444 diam
1794 3397 1991 3460 repetito
2023 3397 2212 3446 verbere
2241 3398 2367 3460 vela]
2415 3397 2600 3458 Papin.
2637 3409 2687 3443 v.

1635 3473 1880 3522 Thebaid.
1913 3475 1928 3501 ‘
1948 3488 2274 3537 puppemque
2307 3474 2482 3522 insana
2509 3469 2686 3532 flagel-

1633 3549 1709 3596 lat
1727 3546 1930 3596 Arbor!
1959 3548 2199 3596 Sidonius
2218 3548 2270 3595 in
2285 3547 2558 3596 Narbone:
2577 3550 2593 3573 ⁸
2611 3544 2685 3592 in-

1633 3623 1811 3685 quieto
1834 3621 2072 3670 duratum
2097 3621 2230 3684 pede
2253 3622 2487 3683 stipitem
2509 3618 2686 3682 flagel-

1628 3697 1777 3747 lant!
1810 3698 2168 3759 Repreliendit
2196 3711 2412 3760 magnus
2433 3697 2686 3758 Scaliger,

1631 3770 1768 3833 qnod
1792 3772 2026 3820 arborem
2059 3771 2294 3820 ‘insano'
2327 3772 2562 3834 epitheto
2592 3785 2682 3833 ap·

1633 3846 1858 3908 pellarit.
1891 3847 2138 3895 Insanum
2164 3861 2286 3897 vero
2309 3848 2520 3909 dicitnr,
2541 3846 2680 3910 quic·

1634 3920 1755 3983 qnid
1777 3922 1913 3970 ultro
1937 3921 2174 3986 citroque
2209 3923 2588 3985 lymphatorum
2625 3926 2682 3969 et

1631 3997 1935 4045 cerritorum
1971 4011 2110 4044 more
2145 3997 2196 4044 iu
2230 4011 2412 4060 gyrum
2444 3996 2683 4055 vertitur,

1631 4072 1766 4132 quod
1799 4074 2020 4136 κυβιστᾷ,
2039 4073 2112 4120 ita
2127 4072 2143 4099 ‘
2161 4085 2319 4134 aquas
2339 4072 2540 4120 insanas
2558 4069 2571 4089 ’
2593 4085 2684 4118 no·

1629 4147 1846 4208 minant,
1871 4152 2000 4212 quas
2017 4147 2175 4207 ἄνεμοι
2193 4148 2410 4196 &arufiam
2427 4147 2508 4196 καὶ
2535 4163 2684 4209 παρα-

1628 4220 1895 4273 canebam.
2662 4224 2667 4229 ’
