3173 4957
609 357 740 422 620

609 514 776 576 νῦμους
789 517 892 564 τοῖς
913 513 1156 574 εὐγενέσιν
1179 513 1496 573 Ἑλληνικοῖς,
1522 520 1577 561 ut
1602 513 1668 562 de

610 592 758 640 AEtra
798 600 852 640 et
893 589 1105 640 Pittheo
1151 591 1394 652 loquitur.
1464 589 1669 650 Clyme-

609 681 728 715 nam
750 667 884 716 idem
911 666 1231 724 Eustathius,
1263 662 1412 725 μόνην
1443 663 1669 722 κατανοή-

611 758 785 804 σασαν,
819 741 910 802 ait,
945 739 1037 798 τὴν
1077 737 1308 799 ἐσομένην
1349 741 1436 796 τῆς
1475 737 1669 796 Ἑλένης

610 817 847 880 ἁρπαγὴν,
887 815 960 864 ὅτι
987 815 1290 878 Ἀλέξανδρος
1322 813 1468 873 ἦλθεν
1489 814 1554 864 εἷς
1575 820 1667 863 Λα·

610 891 875 952 κεδαίμονα.

675 967 812 1017 Sicut
831 969 882 1016 in
901 966 990 1016 tali
1007 981 1062 1015 re
1069 966 1188 1029 fieri
1209 959 1364 1026 amat]
1413 966 1533 1014 Hoc
1567 971 1667 1026 est,

611 1045 760 1093 solet.
827 1045 1032 1092 Sallust.
1056 1041 1303 1103 Jugurth.
1327 1045 1374 1090 3.
1409 1042 1568 1092 ,⁴011ae
1594 1041 1671 1088 ira

609 1119 720 1168 fieri
751 1117 927 1180 amat,'
959 1127 1014 1168 et
1051 1123 1135 1166 41.
1170 1119 1394 1168 Quintil.
1427 1131 1508 1165 rx.
1529 1121 1576 1165 3.
1603 1131 1668 1166 ex

611 1199 798 1247 Graeco
839 1197 1007 1262 inquit
1031 1198 1282 1246 translata
1301 1196 1532 1246 Sallustii
1557 1197 1669 1258 plu·

609 1274 758 1334 rima,
784 1275 935 1336 qirale
958 1281 1058 1329 est,
1079 1275 1093 1300 ⁴
1111 1273 1290 1336 vulgus
1313 1280 1450 1321 amat
1470 1271 1619 1323 fieri)

664 1351 702 1413 ·§
725 1355 757 1398 4
791 1350 1126 1411 Indignatione
1148 1349 1483 1412 stupefactum]
1519 1347 1669 1398 Infra

610 1440 692 1478 ιν.
757 1429 773 1455 ‘
797 1430 986 1478 amissa
1036 1435 1209 1478 mente
1263 1426 1669 1490 obstupefieret.’

607 1503 794 1565 virgil.
826 1502 841 1531 ‘
863 1503 1144 1565 Obstupui,
1181 1508 1546 1564 steteruntque
1581 1516 1665 1549 co·

609 1592 726 1633 mae,
751 1593 851 1626 vox
885 1576 1120 1628 faucibus
1159 1577 1346 1626 haesi&
1412 1577 1500 1626 lta
1529 1577 1667 1624 ‘stu-

608 1661 702 1714 pet
721 1652 735 1675 '
758 1652 894 1715 apud
920 1654 1185 1707 Senecam,
1210 1653 1252 1699 si
1276 1659 1418 1700 recte
1443 1651 1666 1706 memini,

606 1729 876 1791 *eleganter
901 1730 1010 1778 scio
1032 1717 1182 1784 sumi.
1200 1729 1286 1778 ubi
1309 1728 1382 1778 ita
1407 1726 1669 1778 doloribus

607 1805 842 1854 obruitur
866 1806 1081 1868 animus,
1103 1814 1161 1854 ut
1189 1820 1254 1852 ne
1288 1804 1514 1854 lacrimae
1555 1804 1667 1868 qui-

607 1879 726 1928 dem
749 1881 1044 1944 extorqueri
1067 1880 1280 1942 possint.

674 1956 858 2004 Positis
879 1971 940 2004 ex
963 1955 1218 2018 divisione]
1252 1956 1324 2004 Ut
1349 1970 1426 2005 vr.
1455 1955 1471 1983 ⁴
1491 1956 1667 2020 Impo-

607 2029 758 2078 sitis.²

671 2107 774 2154 Pro
804 2107 1030 2170 tempore]
1062 2110 1142 2158 Ut
1167 2109 1320 2172 paulo
1343 2107 1494 2170 infra,
1527 2110 1544 2138 ‘
1572 2123 1668 2172 pro

610 2189 844 2246 tempore
869 2183 1090 2239 armati,’
1124 2194 1178 2234 et
1197 2199 1260 2233 11.
1284 2189 1334 2234 3.
1373 2193 1386 2214 ⁴
1407 2187 1515 2234 Pro
1541 2193 1667 2233 tem-

607 2258 733 2320 pore
778 2261 1030 2308 cohortati
1079 2259 1231 2306 suos.’
1300 2261 1418 2307 Hoc
1465 2268 1563 2316 est,
1608 2267 1667 2309 ut

605 2346 687 2380 res
712 2332 1029 2395 postulabat,
1063 2340 1119 2382 et
1161 2343 1364 2398 tempus
1394 2335 1669 2399 permitte-

605 2405 712 2458 bat.
1033 2444 1036 2447 -

673 2484 795 2539 Quae
815 2483 867 2531 in
887 2484 977 2531 tali
1001 2484 1186 2544 negotio
1199 2475 1524 2549 patiebantur]
1542 2486 1665 2535 Pla-

603 2567 690 2607 cet
712 2560 893 2621 magis,
923 2560 942 2589 ⁴
962 2559 1366 2610 Partiebantnr.’

677 2636 764 2685 Uti
795 2637 1034 2699 conquesti
1055 2636 1257 2695 injurias
1279 2638 1514 2687 Helenam
1535 2652 1665 2701 repe·

603 2711 780 2773 terent]
808 2713 916 2762 Liv.
952 2727 992 2761 1.
1035 2712 1098 2761 ad
1137 2714 1357 2762 eundem
1395 2713 1510 2762 fere
1552 2729 1666 2763 sen·

604 2805 748 2839 sum:
800 2790 1038 2853 ‘injurias
1079 2798 1133 2837 et
1173 2804 1277 2837 non
1317 2788 1544 2838 redditas
1583 2804 1665 2838 res

605 2878 669 2912 ex
703 2863 920 2924 foedere,
944 2878 1059 2927 quae
1083 2866 1320 2925 repetitae
1342 2865 1500 2913 sunt.'

667 2938 916 2998 Leguntur
934 2940 1092 3002 prius]
1115 2926 1306 2987 Eadem
1325 2941 1527 2989 consilii
1545 2955 1662 2989 sen·

603 3015 771 3061 tentia
793 3014 970 3061 Romae
988 3014 1229 3075 pervicit,
1244 3014 1450 3063 obsessa
1463 3016 1659 3077 Sagun-

603 3094 678 3149 to,
698 3086 977 3136 mittendos
1001 3088 1142 3151 prius
1167 3090 1362 3153 legatos
1379 3090 1443 3139 ad
1470 3106 1552 3141 res
1577 3109 1660 3143 so·

602 3164 798 3212 ciorum
821 3162 1183 3225 inspiciendas.

667 3240 695 3301 ξ»
733 3243 763 3285 5
811 3238 954 3301 Apud
994 3238 1403 3304 Lacedoemonam]
1450 3242 1535 3291 Ita
1579 3249 1658 3293 12.

598 3313 613 3340 ‘
631 3312 1050 3363 Lacedaemonam
1077 3315 1330 3379 redeunt,'
1367 3326 1420 3368 et
1446 3324 1522 3369 17.
1553 3322 1570 3349 ‘
1592 3336 1657 3369 ex

599 3390 738 3437 omni
761 3388 1165 3439 Lacedaemoua.’
1230 3393 1470 3443 Barthius
1493 3396 1542 3443 in
1567 3398 1657 3445 ad-

601 3477 791 3512 versar.
825 3466 842 3492 ‘
863 3459 1369 3517 Lacedaemoniam:’
1405 3472 1490 3519 ubi
1509 3471 1656 3521 dubi·

600 3544 714 3586 tare
752 3552 811 3586 vse
847 3539 940 3601 ait,
979 3554 1044 3587 an
1086 3542 1207 3589 urbs
1243 3544 1354 3605 ipsa
1395 3560 1426 3593 a
1472 3546 1657 3597 Latino

599 3614 829 3664 Auctore
865 3616 969 3663 ullo
1009 3617 1082 3665 ita
1105 3618 1174 3665 sit
1209 3627 1474 3681 usurpata.
1550 3622 1653 3671 Sed

597 3688 874 3737 observare
897 3688 1076 3741 debuit
1096 3692 1176 3739 vir
1193 3692 1542 3755 doctissimus„
1562 3698 1655 3745 La-

595 3763 940 3812 cedaemonam
962 3764 1096 3825 apud
1115 3766 1423 3829 Autlrorem,
1437 3783 1538 3817 non
1559 3786 1653 3833 pro

595 3838 740 3901 urbe,
766 3854 878 3901 quae
902 3848 958 3887 et
995 3840 1204 3902 Sparta,
1243 3844 1332 3889 sed
1360 3858 1453 3905 pro
1490 3845 1651 3894 Laeo-

597 3914 700 3974 nia,
733 3921 789 3962 et
829 3915 1038 3975 regione
1070 3914 1186 3977 ipsa
1225 3917 1375 3975 sumi,
1401 3922 1458 3967 ut
1481 3932 1543 3968 ex
1571 3926 1652 3971 1⁷.·

595 3990 807 4038 evidens
831 3995 942 4038 est:
979 3990 994 4019 ‘
1011 3990 1090 4038 Ex
1116 3992 1253 4039 omui
1279 3993 1651 4048 Lacedaemona

595 4078 754 4114 naves
789 4067 1059 4131 sexaginta
1083 4067 1119 4115 :’
1153 4069 1266 4131 quis
1291 4059 1494 4121 haec'de
1521 4076 1648 4123 urbe

593 4139 738 4187 dicta
760 4140 1048 4190 crediturus
1071 4144 1196 4192 est?
1261 4143 1322 4193 In
1355 4160 1418 4194 eo
1447 4162 1494 4196 v.
1538 4149 1648 4199 Ho-

597 4226 792 4267 merum
815 4220 990 4263 noster
1011 4225 1220 4267 secutus
1245 4225 1339 4284 est,
1374 4222 1457 4286 qui
1491 4223 1553 4273 Il.
1592 4230 1653 4273 n:

871 373 1086 421 NOTAE
1137 371 1539 420 vAmoRuM
1592 372 1671 418 IN
1725 371 2021 424 ch'rYM
2072 371 2542 419 CRETENSEM.

1743 511 2063 570 Λακεδαίμονα
2108 525 2353 572 expresse
2383 511 2677 574 ‘distinguit
2713 512 2814 560 ὰπὸ

1742 589 1831 645 τῆς
1852 586 2069 650 Σπάρτης
2095 603 2107 636 :
2156 585 2217 635 Οἳ
2236 588 2275 634 δ’
2302 585 2439 648 εἶχον
2460 585 2811 644 κοίληνᾏακε·

1742 662 1936 723 δαίμονα
1970 663 2263 727 κητώεσσαν,
2294 663 2449 725 Φάρην
2478 681 2551 726 τε,
2583 662 2813 725 Σπάρτην

1741 758 1813 790 ΤΕ.

1809 815 1871 864 In
1912 816 2062 864 scelus
2089 815 2333 878 proprium
2368 816 2633 880 convertit]
2690 816 2813 866 Hoc

1745 896 1845 946 est,
1868 898 2049 939 contra
2072 891 2367 954 aequitatem
2400 898 2455 938 et
2481 891 2603 952 jura
2638 891 2816 954 hospi-

1746 966 1833 1026 tii3
1869 971 1924 1012 ut
1947 965 2072 1014 illud
2102 965 2294 1014 Lucani
2322 979 2357 1012 1.
2382 965 2627 1014 Phar-sal.
2654 966 2812 1017 ‘Jus-

1747 1055 1845 1103 que
1874 1041 2051 1090 datum
2076 1039 2295 1088 sceleri?
2341 1041 2468 1089 Cum
2490 1055 2541 1088 v.
2570 1041 2809 1090 hocloco

1742 1117 1757 1146 ‘
1783 1116 2082 1180 proprium'
2121 1117 2257 1165 idem
2292 1125 2371 1164 est
2404 1131 2465 1164 ae
2498 1117 2514 1144 ‘
2536 1117 2721 1173 suum,'
2756 1119 2809 1166 in

1744 1194 1913 1242 scelus
1969 1207 2114 1242 suum
2175 1194 2451 1250 convertit,
2504 1193 2693 1242 licebit
2743 1208 2808 1243 ue

1743 1270 1879 1317 hunc
1902 1283 2101 1318 sensum
2126 1282 2311 1317 eruere
2332 1269 2351 1316 ?
2393 1267 2701 1317 Universam
2718 1269 2805 1316 do-

1743 1359 1879 1392 mum
1904 1345 2082 1408 Regis,
2117 1344 2183 1393 ob
2212 1343 2544 1392 atrocitatem
2581 1343 2733 1398 facti,
2755 1345 2805 1392 in

1744 1420 1909 1468 scelus
1953 1435 2098 1468 snum
2145 1420 2458 1484 puniendum
2496 1420 2805 1470 convertit:

1742 1496 1819 1544 ita
1842 1496 2027 1544 Florus
2048 1509 2086 1546 1.
2114 1500 2193 1545 17.
2214 1498 2243 1524 ·‘
2263 1496 2506 1545 Omnium
2530 1502 2731 1546 mentes
2752 1497 2804 1545 in

1745 1584 1799 1618 se
1828 1570 2193 1620 converterat!

1758 1663 1761 1668 ·
1797 1641 2087 1711 Proprium]
2122 1649 2241 1697 Hoc
2259 1649 2379 1698 loco
2404 1663 2499 1712 pro
2534 1647 2694 1699 ‘suo'
2726 1665 2807 1699 su·

1743 1725 1912 1773 mitur.
1979 1725 2052 1773 Ut
2086 1733 2140 1774 et
2176 1729 2253 1775 14.
2284 1730 2301 1754 ‘
2326 1725 2579 1775 Admetus
2610 1727 2806 1776 vicaria

1743 1805 1909 1847 morte
1938 1800 2167 1863 conjugis
2202 1799 2309 1848 fata
2341 1801 2547 1865 propria
2570 1804 2804 1864 protule-

1744 1875 1859 1933 rat,'
1887 1887 1947 1922 u.
1968 1880 2018 1923 4.
2052 1877 2068 1902 ‘
2089 1876 2346 1938 propriam
2386 1877 2599 1937 gloriam
2644 1879 2803 1942 aequi-

1744 1949 2053 2012 paraverat‚’
2102 1961 2154 2000 et
2190 1965 2280 2021 ¹.¹¹·
2326 1960 2340 1983 ‘
2366 1953 2639 2016 originem
2686 1969 2803 2016 pro·

1744 2029 1907 2090 priam
1929 2029 2178 2077 memoria
2202 2031 2513 2092 repetebat.'
2553 2031 2700 2080 Male
2722 2032 2801 2081 hic

1744 2104 1988 2152 Bartliius
2029 2111 2180 2166 putat
2220 2107 2479 2168 propriam
2510 2107 2798 2170 irrepsisse.

1742 2179 2000 2238 ‘Mirum‚’
2024 2180 2217 2242 inquit,
2250 2188 2265 2210 ‘
2288 2181 2338 2228 ni
2379 2181 2562 2230 alienae
2611 2183 2799 2244 potius,

1741 2268 1891 2316 quam
1916 2269 2021 2302 suoe
2063 2255 2276 2318 originis
2315 2257 2611 2304 memoriam
2652 2268 2799 2319 repe·

1743 2328 1920 2378 tierit.'
1969 2329 2073 2378 Sed
2096 2332 2362 2394 eleganter
2385 2333 2507 2380 satis
2533 2335 2797 2396 proprium

1742 2419 1837 2466 pro
1860 2419 1950 2452 suo
1974 2406 2198 2468 ponitur,
2223 2415 2282 2456 ut
2304 2414 2357 2456 et
2377 2407 2493 2457 ἴδιος
2528 2423 2625 2470 pro
2658 2409 2799 2457 αὑτοῦ

1741 2482 1821 2529 ve'l
1842 2480 2002 2535 αὐτοῦ,
2024 2490 2081 2531 ut
2103 2483 2223 2531 Act.
2247 2497 2285 2533 1.
2305 2498 2381 2532 vs.
2406 2485 2605 2547 penult.
2635 2484 2703 2533 εἷς
2716 2483 2796 2533 τό·

1738 2574 1829 2605 πον
1844 2557 1931 2605 τὸν
1958 2558 2091 2618 ἴδιον,
2120 2560 2255 2621 quod
2288 2559 2493 2623 quidam
2519 2574 2612 2623 per
2634 2561 2795 2623 αὐτοῦ,

1740 2634 1827 2683 alii
1849 2649 1899 2686 v,
1926 2649 2019 2697 per
2038 2626 2183 2683 ἀὑτοῦ
2205 2643 2489 2697 exponunt.

1806 2710 1999 2773 Reliqui
2022 2712 2226 2775 proedce]
2264 2712 2379 2761 Hoc
2402 2720 2503 2773 est,
2528 2726 2593 2759 ex
2618 2714 2794 2777 praeda

1738 2788 1903 2835 relicti
1932 2804 1945 2835 :
1982 2788 2067 2850 qui
2099 2786 2442 2849 praedatorum
2468 2802 2645 2837 manus
2670 2787 2791 2837 effu·

1736 2870 1937 2924 gerant.
1988 2864 2055 2912 Et
2076 2865 2188 2913 haec
2208 2864 2365 2913 lectio
2388 2867 2793 2929 convenientior,

1734 2952 1885 3002 quam
1922 2940 1938 2965 ‘
1962 2938 2173 2999 reliquae
2200 2937 2427 3002 praedaess

1804 3014 2003 3063 Cadunt
2016 3014 2239 3075 utrinqne
2256 3015 2477 3079 plurimi]
2500 3017 2636 3067 Caes.
2660 3018 2799 3077 Bell.‘

1734 3090 1874 3141 Gall.
1918 3105 1957 3141 1.
2002 3095 2080 3141 15.
2134 3090 2327 3141 ‘Pauci
2374 3092 2441 3141 de
2486 3094 2674 3143 nostris
2707 3108 2788 3143 ca·

1733 3166 1897 3216 dunt?

1796 3242 1872 3291 Hi
1887 3244 2034 3305 Regis
2050 3260 2205 3295 necem
2220 3244 2547 3306 defenderent]
2560 3245 2678 3294 Hoc
2689 3251 2786 3305 est,

1734 3319 2079 3385 vindicarent,
2102 3322 2491 3371 ulciscerentur.
2556 3320 2645 3369 Ita
2684 3323 2787 3371 Da-

1734 3408 1816 3442 res
1849 3395 2129 3458 Phrygius:
2170 3398 2436 3461 ‘utquam
2457 3397 2675 3460 primum
2710 3400 2785 3446 in-

1723 3470 1889 3534 jurias
1912 3486 2025 3520 suas
2049 3472 2429 3523 defenderent-³

1794 3548 1821 3609 ᾧ
1849 3553 1881 3596 6
1912 3546 1993 3596 Ad
2030 3549 2279 3597 Priamum
2312 3550 2441 3614 adit]
2476 3548 2563 3599 Ita
2596 3554 2645 3599 9.
2677 3549 2697 3579 >‘
2720 3548 2793 3599 ad·

1730 3622 1985 3672 Helenam
2021 3624 2163 3686 adit,’
2200 3632 2257 3675 et
2284 3639 2359 3677 vr.
2399 3630 2447 3675 3.
2482 3625 2497 3654 ‘
2520 3625 2585 3675 ad
2608 3640 2786 3675 oracu-

1729 3698 1832 3746 lum
1856 3698 1999 3749 adit?

1746 3778 1753 3784 '
1796 3774 2127 3835 conductaque
2182 3776 2418 3841 Consilio]
2482 3776 2782 3827 Convocato

1728 3851 1957 3912 concilio.
2023 3852 2109 3899 Ita
2132 3850 2299 3901 infra:
2335 3855 2351 3881 ‘
2370 3852 2610 3901 Priamus
2634 3869 2779 3904 senes

1726 3922 2007 3986 conducit,’
2024 3932 2079 3975 et
2098 3940 2160 3975 n.
2180 3927 2195 3954 ‘
2215 3926 2486 3976 conductis
2499 3929 2779 3979 militibus!

1723 3999 1933 4051 Sallust.
1967 4002 2100 4050 Bell.
2122 4002 2363 4064 Jugurth.
2388 4008 2471 4051 61.
2506 4005 2795 4055 *Metellus-

1724 4074 1812 4123 ubi
1835 4077 1975 4125 videt
1990 4077 2240 4125 Numidas
2256 4078 2421 4126 minus
2432 4078 2643 4139 instare,
2658 4095 2778 4142 pau-

1724 4152 1865 4200 latim
1901 4153 2091 4201 milites
2130 4154 2183 4201 in
2206 4168 2359 4201 unum
2378 4153 2656 4203 conducit.’
2709 4156 2775 4204 Et

1722 4228 1935 4279 Tacitus
1969 4228 2102 4279 Ann.
2138 4243 2214 4278 rv-
2236 4238 2291 4279 et
2330 4243 2422 4279 xv.
2458 4230 2475 4259 ‘
2497 4232 2691 4282 auxilia
2722 4232 2774 4283 in
