3173 4957
744 408 1107 458 GASPARIS
1161 408 1475 458 BAR'PI-nl
1524 411 1742 459 NOTAE
1789 411 1870 458 m
1921 412 2068 460 ms.
2117 413 2166 461 Ι.

358 559 469 601 tnm
494 550 535 599 si
559 549 695 600 forte
728 552 935 614 reponis
959 549 1235 612 Achillem,
1260 550 1419 611 impi-

2425 398 2556 462 595

1491 551 1864 614 conjurationis
1915 555 1966 600 in
2012 552 2352 602 hostilitatem
2397 553 2555 602 alicu·

358 643 469 691 ger,
515 626 813 689 iracundus,
874 627 1222 682 inexorabilis,
1281 640 1420 681 acer,
1485 627 1575 690 jns
1598 635 1830 678 sanctum
1867 637 1920 678 et
1951 629 2302 678 inviolabilem
2337 630 2553 679 indicat.

356 705 493 754 Jnra
520 711 677 766 neget
700 705 799 751 sihi
826 711 969 764 tiata,
992 705 1115 752 nihil
1140 717 1243 752 non
1281 717 1419 750 arro-

360 788 449 842 get
475 778 662 829 armis!
698 779 847 828 Qiiod
874 778 939 827 ad
964 779 1179 827 formam
1204 778 1421 828 Achillis

358 856 572 915 attinet,
594 855 809 904 eandem
836 855 1015 917 pulcre
1046 855 1193 903 nobis
1230 867 1419 917 reprae·

356 931 588 979 sentavit
628 931 823 978 Isacins
858 931 1357 992 Porphyrogenitus,
1390 944 1421 979 a

360 1021 560 1054 summo
590 1007 699 1054 viro
734 1006 869 1056 Jano
899 1008 1179 1069 Rntgersio
1216 1010 1418 1058 editnst

360 1082 389 1128 ὁ
406 1080 689 1143 Ἀχιλλεὺς,
732 1083 829 1141 ait,
865 1083 1109 1146 εὔστηθος,
1142 1081 1296 1144 μέγας
1335 1083 1423 1132 τὸν

362 1155 515 1217 ὄγκον
535 1157 623 1206 τοῦ
637 1157 873 1218 σώματος,
891 1159 1235 1222 μακρόσκελος,
1256 1159 1421 1222 πανὸς,

358 1232 541 1294 ξανθὸς,
581 1233 899 1297 εὐπρόσωπος,
942 1235 1181 1298 airon-ahs,
1228 1238 1419 1300 (legam

360 1309 649 1373 οἶνοβαρὴς,)
658 1310 865 1372 'romeos
880 1309 1007 1373 ἔχων
1012 1311 1123 1361 τοὺς
1136 1312 1422 1374 ὀφθαλμοὺς,

358 1384 599 1448 πολύθριξ,
614 1385 883 1449 μακρόρῥιν,
904 1386 1015 1437 τοὺς
1036 1388 1182 1438 πόδας
1205 1389 1323 1450 ὀξὺς,
1343 1388 1421 1438 καὶ

357 1463 461 1510 τοῖς
492 1459 673 1522 {Apum
707 1463 910 1523 δόκιμος,
933 1463 1079 1513 δεινὸς
1110 1465 1420 1527 πολεμιστὴς,

358 1540 579 1601 ἀχανὴς,
616 1539 887 1603 φιλήδονος,
944 1540 1304 1604 μεγαλόψυχος,
1342 1541 1420 1592 καὶ

358 1617 678 1679 καλλίφωνος,
698 1622 797 1667 ὅτε.
836 1619 1041 1666 Morum
1060 1627 1231 1667 antem
1258 1620 1419 1681 impa-

360 1695 543 1742 tientia
566 1693 691 1742 illud
715 1695 729 1720 ‘
745 1691 1020 1742 iracundus
1036 1692 1047 1713 ’
1074 1693 1419 1743 Horatiannm

359 1770 622 1832 designat.
654 1769 741 1817 Sic
765 1776 946 1817 contra
968 1772 984 1796 ⁶
1005 1771 1270 1831 patientes
1288 1769 1302 1790 ⁹
1324 1784 1419 1832 pro

358 1849 536 1911 probis
576 1853 632 1895 et
672 1847 989 1909 simplicibus
1044 1848 1420 1910 quodammodo

360 1924 509 1986 ponit
536 1923 625 1971 lib.
650 1935 714 1972 u.
746 1930 930 1971 auctor
950 1921 1085 1970 idem
1120 1923 1201 1972 hic
1230 1930 1420 1972 noster.

360 2003 375 2029 ‘
394 2001 523 2049 Eam
548 2000 781 2048 seniores
806 1999 1225 2047 lamentationem
1250 1999 1423 2048 immo·

360 2077 533 2124 dicam
559 2089 674 2123 cum
698 2076 943 2136 lacrymis
974 2075 1318 2138 accipientes,
1352 2075 1419 2124 ad

362 2154 535 2201 onmia
550 2167 663 2216 qua·
680 2153 745 2200 ab
758 2167 818 2199 eo
832 2149 1159 2216 dicebantur,
1178 2161 1420 2216 tunquam

362 2229 562 2292 injurias
634 2229 749 2291 ejus
816 2229 1093 2290 patientes,
1162 2225 1423 2276 annuere.’

358 2307 557 2354 Tamen
602 2320 664 2353 eo
712 2305 827 2353 loco
872 2303 1007 2352 idem
1056 2303 1226 2364 potius
1280 2302 1415 2365 qnod

358 2384 373 2410 ‘
392 2379 797 2444 compatientes’
818 2379 1054 2442 designat
1070 2379 1169 2427 hoe
1190 2380 1419 2428 verbnm.

360 2457 579 2507 Advers.
605 2471 735 2507 Lt'u.
759 2461 809 2506 7.

435 2535 631 2583 Vicat-iu
662 2539 811 2582 morte
842 2533 1055 2594 conjugis
1083 2532 1198 2591 fata
1228 2532 1421 2594 propria

356 2611 646 2674 protulerat]
682 2610 700 2637 ‘
728 2611 992 2659 vicariam
1032 2608 1277 2656 mortem'
1314 2608 1414 2656 ele·

360 2698 549 2749 genter
590 2686 869 2735 Alcestidis
924 2692 1094 2740 vocat,
1138 2699 1253 2748 quae
1304 2685 1418 2732 vice

360 2762 535 2810 mariti
558 2760 771 2809 occidit.
838 2762 853 2789 ‘
875 2759 1035 2822 anns
1058 2766 1205 2822 pater
1230 2758 1418 2807 Adme-

360 2847 447 2888 tns
481 2838 737 2901 qnondam
778 2836 966 2884 vicaria
999 2842 1164 2883 morte
1186 2834 1417 2897 conjugis

357 2915 469 2965 fata
498 2915 707 2977 propria
742 2910 1067 2979 protulerat!
1132 2912 1217 2961 Ita
1242 2912 1417 2973 legen-

358 2994 503 3048 dnm.
560 3005 675 3039 cnm
732 2990 907 3051 inepte
961 2987 1152 3051 alioqui
1214 2986 1419 3044 edatur,

358 3069 376 3096 ‘
404 3066 733 3131 pertulerat!
796 3065 883 3113 Sic
907 3065 1037 3112 libro
1060 3062 1262 3120 eodem,
1282 3062 1297 3088 ‘
1325 3075 1419 3109 nec

362 3143 531 3204 leniri,
549 3142 842 3204 prinsquam
862 3148 1042 3188 auctor
1061 3139 1190 3187 tanti
1208 3138 1419 3185 sceleris

359 3217 519 3267 filiam
546 3223 671 3265 nain
696 3216 966 3263 maximam
1004 3214 1243 3261 vicariam
1272 3212 1419 3260 victi·

362 3290 495 3341 nia'm
522 3288 868 3339 immolasset?
898 3290 989 3336 Sic
1009 3289 1025 3316 ‘
1047 3286 1288 3336 vicarium
1313 3301 1419 3334 mit·

360 3368 485 3418 nns’
522 3370 554 3416 l.
583 3380 646 3417 n.
690 3374 702 3396 ⁶
722 3368 840 3415 Nec
860 3368 1129 3430 quicquam
1149 3363 1419 3425 deprecari

362 3444 605 3506 amplius,
627 3442 779 3490 inodo
806 3442 857 3489 in
889 3443 1057 3489 locum
1080 3441 1194 3503 ejus
1224 3440 1421 3502 Hippo·

360 3521 608 3582 damiam,
650 3532 767 3582 quae
805 3531 924 3565 cnm
962 3516 1162 3565 Achille
1203 3514 1422 3577 degeret

363 3596 611 3646 vicarium
636 3607 817 3643 munus
850 3593 1020 3641 amissi
1039 3592 1265 3653 honoris,
1284 3591 1420 3639 acci-

438 3670 557 3719 ret.’

367 3685 603 3795 pectines
630 3744 849 3793 Herculis
880 3748 985 3805 post
1022 3742 1273 3791 discessum
1300 3738 1423 3802 ejas]

362 3825 381 3850 ⁸
408 3820 735 3871 Discessum'
776 3834 871 3881 pro
914 3828 1080 3867 rnorte
1101 3823 1425 3879 usurpatam,

362 3898 449 3947 cui
488 3896 679 3945 similia
704 3909 768 3942 ex
804 3896 983 3954 Festo,
1006 3894 1262 3954 Vitruvio,
1300 3890 1423 3940 Am·

365 3972 557 4030 miano,
572 3970 705 4028 aliis,
727 3970 850 4017 alibi
874 3968 1178 4017 notavimus.
1198 3966 1421 4016 Advers-

365 4060 551 4096 xxrn.
574 4050 654 4095 10.

434 4124 464 4185 ς
488 4124 549 4167 1⁶
584 4120 791 4168 Por-cum
826 4132 1001 4168 mrem
1042 4120 1094 4167 in
1124 4118 1291 4178 sorum
1329 4132 1424 4165 me-

360 4198 502 4247 diam
522 4194 693 4259 offeni
711 4196 869 4255 jubet,
898 4195 1008 4258 ξω]
1048 4195 1221 4243 Ritnm
1252 4195 1426 4242 eonci-

1496 706 1651 756 Quod
1688 707 1880 768 legenti
1913 707 2036 755 milii
2068 721 2190 755 sane
2217 707 2392 755 mirari
2415 707 2558 756 subit

1497 779 1758 829 hominum
1805 783 2160 842 securitatem,
2208 782 2296 844 qni
2352 789 2553 832 tantum

1496 856 1783 904 exercitum
1820 855 2122 905 Graecorum
2158 856 2224 904 ad
2261 870 2432 905 muros
2469 857 2556 906 Ilii

1496 931 1769 979 admissum
1825 947 1856 980 a
1903 933 2222 982 dominatore
2269 935 2357 983 illo
2412 935 2553 984 Asin:

1497 1008 1692 1070 fingere
1727 1017 1846 1057 sunt
1887 1009 2016 1058 ansi.
2091 1011 2292 1058 Tantus
2327 1025 2440 1067 rex,
2474 1019 2556 1060 tot

1498 1085 1798 1145 populorum
1846 1086 2155 1147 Imperator,
2199 1094 2278 1134 tot
2323 1086 2552 1136 Heroum

1494 1169 1666 1222 pater,
1705 1175 1806 1210 non
1847 1165 2020 1224 potuit
2064 1162 2236 1212 aditus
2281 1164 2427 1224 regni
2473 1164 2552 1212 sui

1494 1238 1713 1293 munire,
1747 1251 1810 1285 ne
1843 1239 1959 1286 urbs
1991 1239 2192 1300 imperii
2225 1247 2384 1301 capnt
2419 1239 2554 1289 obsi-

1494 1311 1708 1362 deretur
1731 1328 1759 1361 a
1785 1315 2103 1378 principibus
2131 1317 2372 1379 anguium
2397 1331 2554 1367 unum

1495 1388 1790 1436 tenentibus
1813 1390 2054 1452 Europe,
2072 1391 2278 1440 minim-e
2301 1407 2416 1440 cum
2443 1393 2555 1454 ipso

1495 1465 1728 1513 omnibns
1768 1466 1918 1514 unico
1941 1466 2322 1527 comparandis.
2389 1467 2554 1517 Porro

1494 1553 1690 1590 morem
1723 1542 1880 1590 istum
1916 1543 2136 1590 vovendi
2169 1543 2466 1592 inimicitias
2487 1543 2555 1593 ir·

1494 1615 1793 1665 refutabiles
1815 1617 1992 1666 nescio
2016 1631 2080 1666 an
2107 1631 2262 1680 snpra
2287 1618 2442 1666 etiam
2465 1633 2558 1667 no·

1496 1692 1672 1740 tarini:
1705 1699 1849 1740 verte
1870 1693 2232 1742 observatione
2256 1701 2337 1742 est
2359 1693 2554 1754 dignis-

1494 1769 1671 1831 simus,
1697 1776 1752 1816 et
1775 1770 1968 1818 mentio
1994 1770 2106 1832 ejus
2141 1777 2224 1818 est
2257 1767 2392 1818 infra
2415 1771 2554 1832 apnd

1494 1847 1888 1893 nostrnmetiam
1907 1849 1938 1892 l.
1955 1859 2016 1894 ιι.
2033 1854 2146 1893 etv.
2162 1847 2453 1894 Execratur
2465 1861 2554 1894 an·

1496 1928 1599 1970 tem
1620 1922 1670 1969 in
1693 1924 1884 1984 populo
1902 1922 2006 1970 Dei
2021 1923 2237 1970 eandem
2259 1921 2390 1970 lianc
2410 1936 2552 1971 cere·

1492 1999 1713 2046 moniam
1741 1999 2030 2047 Hieremias
2057 1998 2325 2061 Propheta
2349 2009 2553 2046 xxxiv.

1494 2089 1594 2137 qna
1635 2088 1690 2122 se
1721 2077 1902 2138 ntique
1939 2075 2248 2124 addixerant
2282 2075 2552 2138 gentilium

1494 2151 1872 2212 superstitioni,
1895 2152 2214 2213 interpositis
2239 2151 2364 2200 diris
2404 2152 2552 2215 adju-

1494 2229 1799 2276 rationibus.
1867 2228 2040 2275 Verba
2081 2227 2360 2290 Prophetae
2395 2234 2548 2274 sunt:

1490 2305 1506 2330 ‘
1534 2303 1604 2350 Et
1650 2302 1784 2351 dabo
1828 2303 1965 2352 viros
2010 2304 2098 2366 qui
2145 2304 2554 2365 praevaricantnr

1492 2379 1659 2429 foedns
1702 2397 1888 2441 meum,
1926 2388 1979 2430 et
2013 2395 2114 2429 non
2147 2379 2552 2431 observaverunt

1494 2457 1652 2506 verba
1677 2457 1888 2507 foederis
1925 2457 2109 2521 quibus
2134 2456 2331 2505 assensi
2359 2465 2474 2505 sunt
2499 2457 2552 2505 in

1494 2543 1776 2595 conspectu
1812 2548 1945 2596 meo,
1971 2533 2184 2583 vitulum
2208 2548 2357 2597 quein
2383 2535 2555 2583 eonci-

1494 2606 1684 2655 derunt
1707 2608 1757 2654 in
1783 2606 1906 2663 ditas
1933 2614 2128 2669 partes,
2152 2614 2206 2656 et
2237 2608 2553 2655 transierunt

1494 2683 1630 2731 inter
1648 2682 1924 2732 divisiones
1945 2685 2076 2746 ejus,
2095 2682 2372 2745 Principes
2394 2684 2547 2733 Judae

1494 2770 1545 2808 et
1576 2760 1850 2822 Principes
1872 2760 2218 2819 Hierusalem,
2245 2759 2474 2807 Eunuchi
2496 2764 2554 2807 et

1492 2834 1820 2889 Sacerdotes,
1853 2840 1906 2881 et
1940 2833 2102 2882 omnis
2135 2833 2354 2895 populus
2378 2840 2557 2895 terrae,

1496 2910 1580 2971 qni
1605 2910 1922 2957 transierunt
1941 2909 2074 2956 inter
2094 2906 2370 2955 divisiones
2388 2906 2555 2968 vituli,

1494 2984 1629 3033 dabo
1666 2999 1754 3032 eos
1785 2985 1834 3031 in
1873 2998 2051 3031 manns
2085 2983 2402 3032 inimicorum
2437 2998 2550 3031 sno·

1492 3076 1625 3117 rum,
1671 3068 1724 3110 et
1769 3061 1868 3109 erit
1909 3061 2240 3108 morticinum
2281 3074 2458 3108 eorum
2497 3058 2551 3107 in

1491 3152 1661 3185 escam
1688 3135 1978 3184 volatilibus
1999 3135 2155 3184 coeli.'
2583 3186 2589 3191 ,

1560 3212 1770 3259 Martem
1795 3216 1939 3272 atque·
1953 3210 2262 3258 Concordiam
2283 3210 2442 3260 multis
2463 3210 2552 3258 im-

1491 3285 1819 3334 mutationibus
1833 3285 1926 3333 sibi
1946 3284 2324 3348 adhospitavere]
2351 3286 2551 3335 Scitum

1495 3368 1576 3409 est
1613 3359 1749 3423 qnod
1789 3360 1882 3420 ait,
1915 3360 2062 3407 Deos
2100 3360 2196 3407 sibi
2239 3360 2464 3407 Martem
2499 3365 2554 3410 et

1496 3436 1835 3485 Concordiam
1871 3436 2011 3484 velut
2043 3435 2262 3497 hospitio
2302 3434 2552 3497 conjunx·

1496 3512 1598 3559 isse
1643 3510 1862 3559 Graecos
1909 3509 2188 3573 principes,
2233 3510 2366 3573 quod
2411 3514 2428 3539 ⁸
2460 3512 2552 3558 ad-

1495 3584 1816 3648 bospitasse’
1871 3584 2062 3633 dixisse
2111 3584 2306 3645 priscos
2363 3582 2553 3631 exinde

1497 3668 1738 3723 apparet.
1803 3661 1875 3708 Ut
1914 3658 2159 3707 videlicet
2196 3672 2314 3707 cum
2347 3658 2420 3707 eis
2443 3673 2550 3706 ma-

1499 3743 1682 3783 nerent
1705 3735 1808 3784 duo
1845 3736 1944 3783 ista
1977 3733 2202 3790 numina,
2225 3739 2279 3780 et
2303 3734 2440 3780 inter
2463 3746 2551 3780 eos

1496 3810 1810 3859 habitarent.
1877 3811 1992 3859 Non
2034 3810 2259 3857 occurrit
2295 3822 2430 3856 nnnc
2465 3808 2554 3856 ad·

1497 3890 1860 3953 hospitationis
1922 3889 2068 3951 linjiis
2119 3888 2313 3935 mentio
2356 3888 2404 3934 in
2451 3888 2552 3935 alio

1500 3966 1741 4029 quopiam
1767 3972 1996 4013 anctore.
2067 3962 2283 4011 Advers.
2308 3974 2440 4010 Lvu.
2463 3964 2511 4009 ⁸1.

1564 4045 1682 4107 §16
1717 4044 1795 4091 lta
1838 4056 2062 4094 consensu
2105 4041 2310 4089 omnium
2353 4040 2551 4088 secundo

1499 4132 1698 4177 rumore,
1722 4120 1832 4183 ξω]
1867 4121 1882 4146 ‘
1899 4118 2140 4165 Secundo
2163 4130 2361 4163 riuniore
2377 4115 2390 4136 ’
2415 4116 2552 4163 valet

1502 4194 1786 4256 auspicato.
1868 4192 2018 4253 Virg.
2053 4190 2164 4238 AEn.
2205 4190 2340 4239 vui(
2371 4190 2388 4216 ‘
2413 4191 2552 4251 Ergo

364 4272 547 4337 piendi
584 4272 889 4322 sacramenti
922 4272 1031 4319 sive
1054 4270 1335 4334 juramenti
1372 4276 1427 4319 et
1502 4270 1606 4319 iter
1644 4269 1906 4331 inceptum
1951 4266 2183 4316 celerant
2229 4270 2551 4315 rumore‘se-
