3173 4957
630 412 763 477 640
1302 422 1624 471 Nori-ru
1679 420 2100 471 urrunnu

630 580 817 636 tribus
844 574 1195 635 editionibus
1224 575 1642 635 anterior-ibam
1667 592 1810 633 usus
1836 576 2045 645 fuerat,
2073 572 2285 652 quibus
2319 571 2380 630 hi
2407 570 2560 643 libri,
2591 564 2821 651 major-'e

634 673 829 733 adhuc
866 672 1119 745 inscitia,
1157 690 1335 750 quam
1378 673 1673 750 proserius
1702 674 1910 743 Dares,
1939 670 2198 731 Cornelii
2232 669 2478 747 Nepotis
2525 679 2822 746 tanquam

633 770 890 829 auctoris
918 788 1129 829 nomen
1177 778 1393 846 gerunt
1418 768 1743 847 praefixum.
1837 766 1906 827 In
1951 766 2224 827 omnibns
2274 784 2414 823 vero
2439 765 2570 823 istis
2601 764 2821 822 editio-

633 866 805 923 nibus
833 864 1037 923 omissi
1065 875 1204 923 sunt
1230 874 1363 943 post
1390 862 1519 924 libri
1552 882 1601 922 1.
1629 883 1719 922 vs.
1751 864 1848 923 32.
1893 862 1952 920 hi
1979 880 2207 933 versuS,
2235 858 2449 938 quibus
2478 860 2824 919 continetur

627 960 957 1021 encomium
984 959 1283 1030 Baldnini,
1308 960 1403 1019 cui
1432 962 1644 1039 poiima
1679 960 1796 1019 hoc
1841 978 2035 1029 suum,
2082 974 2191 1037 pro
2217 956 2318 1015 illa
2354 965 2686 1034 temporum
2717 975 2816 1013 su-

627 1076 793 1117 orum
820 1056 1084 1115 barbarie
1110 1055 1429 1115 facundum
1456 1064 1518 1115 et
1552 1066 1833 1127 comtum,
1863 1062 2070 1115 auctor
2105 1052 2345 1124 dicavit,
2371 1050 2818 1129 Archiepiscopi

628 1151 1097 1225 Cantuariensis,
1146 1153 1259 1211 sub
1292 1152 1468 1211 finem
1516 1151 1722 1211 soeculi
1761 1170 1798 1210 a
1825 1161 1968 1209 nato
2013 1150 2130 1209 Ch.
2159 1146 2518 1207 duodecimi.
2588 1147 2818 1205 Versus

626 1247 763 1307 illos
794 1246 1041 1327 primus,
1072 1246 1235 1327 quod
1265 1248 1468 1319 sciam,
1508 1266 1543 1307 e
1571 1246 1737 1307 Msto
1778 1246 1986 1307 codice
2028 1243 2307 1324 produxit
2351 1242 2500 1301 Tan.
2535 1242 2728 1303 Faber
2755 1244 2817 1300 in

637 1343 795 1403 notis
817 1342 895 1403 ad
923 1342 1253 1423 Longinum
1278 1362 1341 1423 p.
1374 1344 1512 1403 169.
1540 1342 1684 1403 edit.
1713 1342 2013 1421 praeclnrse
2039 1338 2328 1399 Tollianae
2353 1358 2370 1397 :

871 1497 940 1555 In
968 1516 1273 1557 numerum
1290 1496 1417 1576 jam
1446 1498 1660 1557 crescit
1685 1496 1898 1566 honos,
1927 1507 1986 1554 te
2011 1493 2188 1553 tertia
2213 1490 2406 1569 poscit

872 1592 1089 1665 Insula,
1108 1594 1235 1671 jam
1262 1592 1530 1653 meminit
1554 1590 1886 1670 wigornia,
1907 1589 2126 1649 Cantia
2149 1586 2344 1657 discit,

870 1686 1179 1747 Romanus
1206 1688 1527 1748 meditatur
1550 1706 1724 1766 apex,
1753 1694 1816 1744 et
1841 1685 2132 1763 naufraga
2159 1682 2320 1743 Petri

874 1781 1201 1843 Ductorem
1226 1784 1285 1843 in
1314 1782 1521 1843 mediis
1548 1790 1827 1862 expectat
1851 1782 2068 1859 cymba
2095 1776 2395 1858 procellis.

866 1876 957 1935 Tu
986 1889 1189 1937 tamen
1212 1879 1463 1941 occiduo
1492 1879 1666 1957 degis
1693 1884 2010 1938 contentus
2037 1875 2200 1947 ovili,

869 1972 1104 2034 Tertius
1134 1994 1171 2033 a
1196 1974 1445 2049 Thoma,
1475 1975 1965 2050 (Cantauriani)
1990 1972 2363 2049 Thomasque
2393 1969 2698 2027 secundus
2725 1979 2786 2029 et

1024 2069 1193 2141 alter,

891 2162 997 2223 Sol
1026 2165 1245 2237 oriens,
1273 2167 1449 2225 rebus
1478 2182 1808 2234 successor,
1837 2164 2096 2224 moribus
2116 2163 2332 2224 hoeres.

891 2260 1119 2321 Felices
1148 2279 1301 2337 quos
1328 2279 1449 2319 non
1469 2258 1652 2319 trahit
1680 2259 1952 2331 ambituS,
1977 2264 2130 2331 &c.†

722 2409 1233 2474 Pseudo-Daretis
1263 2409 1411 2469 duos
1442 2408 1682 2470 codices
1713 2408 1860 2471 Mss.
1904 2430 2084 2471 unum
2112 2398 2545 2471 Canonicor'um
2577 2411 2817 2468 Latera-

644 2514 917 2573 nensium
950 2509 1200 2586 Patavii,
1230 2507 1479 2566 alterum
1497 2507 1724 2588 Aloysii
1757 2509 2087 2578 Corradini,
2115 2508 2321 2568 laudat
2338 2509 2437 2567 Jo.
2465 2505 2737 2564 Rhodius
2761 2505 2821 2562 in

638 2610 800 2669 notis
847 2605 923 2666 ad
955 2603 1320 2665 Scribonium
1368 2604 1628 2681 Largum
1653 2623 1735 2683 ‚p.
1784 2605 1881 2663 60.
1967 2604 2200 2664 Citatur
2240 2604 2431 2663 Dares
2473 2621 2511 2661 a
2548 2598 2822 2660 Freculfo

641 2703 745 2764 lib.
778 2723 856 2762 11.
890 2699 1191 2774 Chronici,
1214 2718 1345 2779 cap.
1374 2701 1471 2758 17.

720 2797 946 2856 Praeter
968 2814 1179 2856 novam
1208 2792 1499 2853 Gallicam
1531 2792 1768 2852 Daretis
1795 2793 2122 2852 versionem
2149 2793 2377 2853 obviam
2403 2794 2464 2850 in
2483 2791 2631 2850 libro
2655 2791 2819 2851 edito

637 2891 826 2953 Paris.
877 2894 1051 2950 1731.
1105 2893 1199 2949 12.
1284 2869 1658 2968 Mytholog-ie
1700 2899 1761 2948 et
1807 2888 2090 2948 l’histoire
2132 2889 2239 2948 des
2280 2889 2495 2960 Dieux,
2523 2886 2629 2946 des
2660 2885 2820 2946 demi

707 3069 732 3102 ⁷
754 3069 920 3116 Prima
960 3069 1038 3116 ed.
1080 3076 1157 3116 est
1196 3069 1257 3116 ab
1299 3068 1491 3116 Albano
1525 3068 1702 3117 Torino

640 3132 798 3182 Basil.
840 3135 986 3181 1541.
1030 3135 1081 3179 8.
1118 3147 1229 3180 cum
1286 3131 1703 3182 Pseudo-Pindari

609 3195 867 3259 ·Epitome
906 3195 1091 3252 Iliadis,
1151 3193 1335 3243 Darete
1374 3197 1608 3258 prosario,
1648 3206 1702 3246 et

638 3253 688 3308 H
700 3260 855 3308 omeri
875 3259 1031 3308 Iliade
1053 3273 1116 3307 ex
1137 3259 1309 3307 Latina
1329 3260 1527 3308 Nicolai
1545 3259 1702 3310 vauoe

637 3328 693 3373 et
720 3324 863 3382 Vinc,
899 3323 1129 3388 Obsopoei
1159 3325 1395 3372 versione.
1437 3325 1557 3372 Tam
1598 3341 1701 3374 cor·

634 3395 779 3451 rupte
823 3395 987 3436 autem
1027 3388 1219 3450 vuigata
1253 3394 1346 3443 est,
1382 3397 1583 3437 notante
1624 3390 1702 3438 Jo.

635 3451 858 3500 Lelando
885 3456 1059 3514 paen.
1080 3452 1141 3499 de
1178 3452 1485 3514 scriptoribus
1510 3452 1700 3502 Britan·

634 3516 777 3571 nicia,
809 3523 823 3543 ‘
848 3524 905 3562 ut
922 3517 971 3564 si
985 3523 1122 3578 pater
1141 3516 1309 3579 ipsein
1322 3517 1506 3579 prolem
1526 3517 1699 3564 redivi·

638 3595 727 3626 vus
768 3579 937 3626 oculos
970 3586 1274 3630 converteret
1309 3587 1407 3628 tam
1427 3581 1700 3638 informem,

637 3649 947 3705 cognosceret
964 3643 1107 3705 plene
1136 3642 1413 3706 nunquam-²
1462 3644 1603 3691 Hanc
1626 3659 1700 3692 se-

636 3715 748 3754 cuta
763 3713 839 3752 est
856 3706 1005 3754 editio
1017 3705 1288 3754 Henischii.
1310 3706 1459 3754 Basil.
1484 3711 1630 3756 15⁷3.
1651 3713 1699 3758 8.

635 3769 809 3816 Altera
820 3777 955 3817 extat
964 3769 1027 3816 ad
1039 3771 1221 3818 calicem
1238 3770 1434 3818 Homeri
1456 3769 1626 3818 Graece
1645 3779 1701 3826 ot

638 3832 815 3880 Latine
856 3832 977 3880 editi
1018 3841 1069 3880 et
1124 3833 1349 3880 illustrati
1406 3849 1436 3880 a
1476 3834 1698 3883 Johanne

638 3896 917 3958 spondm,
939 3897 1093 3946 Bm·
1125 3901 1270 3945 1⁵83·
1292 3901 1343 3946 80
1375 3903 1427 3943 et
1449 3901 1594 3946 16030
1614 3898 1700 3948 τοι.

640 3957 855 4006 Tertiam
885 3959 1093 4022 denique
1129 3961 1190 4007 ab
1219 3959 1495 4008 Alexandro
1525 3960 1698 4010 Carolo

637 4021 903 4083 Trognesio
922 4024 1099 4072 editam
1132 4023 1416 4071 Dresemius
1447 4033 1698 4086 memorat,

640 4099 787 4145 quam
822 4101 916 4133 non
938 4087 1055 4134 vidi.
1105 4086 1336 4135 Ceterum
1368 4101 1464 4134 non
1507 4089 1696 4136 videtur

641 4160 746 4192 esse
765 4147 1095 4205 dubitandum,
1110 4149 1485 4213 quodJosephus
1496 4151 1694 4200 Isca-nus

644 4220 974 4272 argumentum
1016 4213 1114 4262 sive
1150 4215 1425 4277 periocham
1459 4214 1694 4278 poematis

1767 3072 1844 3118 sui
1878 3072 2099 3120 asciverit
2129 3070 2362 3118 Daretem
2398 3067 2623 3118 Latinum
2653 3084 2820 3132 prosa-

1765 3136 1910 3192 rium,
1929 3137 2057 3183 unde
2079 3136 2252 3184 deinde
2271 3136 2450 3183 factum
2463 3143 2540 3182 est
2553 3141 2632 3188 ut,
2653 3149 2821 3196 quem-

1765 3199 2021 3248 admodum
2044 3201 2163 3248 liber
2177 3199 2282 3262 ipse
2303 3197 2734 3254 Pseudo-Daretis,
2755 3201 2826 3246 ita

1767 3260 1914 3310 etiam
1949 3262 2108 3312 Iscani
2147 3263 2324 3326 poexna
2365 3262 2590 3310 Cornelio
2637 3261 2823 3324 Nepoti

1766 3327 2072 3374 tribueretur.
2101 3328 2302 3388 Scripsit
2321 3333 2374 3373 et
2392 3327 2490 3372 alia
2507 3327 2600 3372 iste
2620 3325 2826 3373 Iscanus

1767 3389 2034 3446 Devonius‚
2067 3389 2140 3454 [v.
2160 3399 2262 3438 not.
2276 3394 2326 3438 6.
2341 3405 2391 3452 p.
2409 3390 2546 3452 639.]
2567 3389 2672 3445 sed,
2691 3391 2826 3451 quod

1765 3454 1929 3509 sciam,
1949 3453 2161 3508 nondum
2182 3453 2328 3508 edita,
2349 3462 2520 3527 praeter
2535 3449 2823 3500 Antiochei-

1765 3517 1892 3578 dem,
1913 3518 2052 3579 cujus
2070 3518 2123 3564 in
2143 3519 2394 3566 Britannia
2412 3515 2631 3564 meminit
2641 3516 2822 3566 Camb-

1765 3581 1938 3636 denus,
1951 3581 2112 3644 magni
2127 3597 2238 3628 eum
2249 3595 2358 3628 cum
2373 3582 2552 3627 viveret
2566 3579 2690 3626 inter
2706 3595 2824 3628 suos

1764 3645 2218 3704 habi-tumbtestatus.
2245 3643 2370 3692 Vide
2391 3641 2424 3691 J
2425 3658 2630 3692 oannem
2643 3643 2822 3692 Prince

1763 3709 1813 3756 in
1846 3707 2054 3770 Anglico
2083 3723 2229 3770 opere
2261 3708 2320 3755 de
2341 3709 2452 3754 illus
2476 3706 2627 3755 tribus
2651 3706 2820 3756 Devo-

1764 3771 1873 3828 niis,
1895 3774 1988 3828 vel,
2008 3773 2048 3818 si
2071 3772 2187 3820 liber
2205 3773 2290 3820 ille
2321 3769 2384 3817 ad
2413 3785 2580 3818 manus
2605 3785 2706 3817 non
2738 3773 2819 3830 sit,

1763 3837 2068 3884 consulantur
2089 3835 2212 3883 Acta
2224 3834 2519 3883 Eruditomm
2541 3834 2818 3883 anni1702.

1763 3915 1816 3962 p·
1827 3963 1875 4024 [1-
1900 3963 2002 4010 Hos
2018 3962 2142 4024 ipsos
2154 3977 2320 4010 versus
2333 3962 2520 4018 Morus,
2533 3963 2586 4009 iu
2597 3961 2738 4027 proef.
2753 3964 2818 4008 ad

1761 4025 1840 4072 ed.
1879 4027 2077 4089 Josephi
2112 4027 2266 4073 Iscani
2289 4027 2349 4072 de
2373 4026 2511 4072 Bello
2525 4025 2735 4086 Trojano
2757 4028 2816 4072 li-

1757 4091 1964 4146 brorum,
2003 4107 2064 4138 ex
2083 4090 2293 4154 ejusdem
2325 4087 2648 4136 Antiocheide
2679 4089 2818 4136 citat.

1757 4151 1852 4200 Sed
1860 4161 2020 4200 tamen
2036 4169 2104 4200 vs.
2116 4155 2300 4203 Felices
2309 4168 2423 4216 quos
2439 4167 2532 4200 nou
2547 4153 2719 4214 trahit,
2733 4154 2818 4214 ξε.

1759 4224 1830 4266 est
1846 4217 1899 4265 in
1915 4217 2139 4281 poemate
2158 4217 2218 4264 de
2241 4216 2380 4266 Bello
2402 4215 2528 4279 Troj.
2553 4232 2592 4264 ι.
2615 4217 2722 4280 33]
