3173 4957
1212 412 1315 461 An
1368 410 1785 464 unci-onum.
2468 402 2601 473 859

411 556 707 633 diducta,
735 554 1016 621 affluens
1055 556 1272 621 instar
1301 558 1578 639 virginis
1608 558 1913 638 κομΜς
1952 556 2285 625 afficiebat
2334 566 2596 629 oratio:

405 676 534 722 nec
564 657 938 733 Maecenate,
975 676 1097 722 nec
1137 656 1472 735 Tiberim,
1521 678 1647 723 nec
1692 660 1877 742 prior
1924 660 2058 724 illis
2104 660 2441 729 Antonius
2470 682 2595 747 pro

409 758 671 824 saeoulo
693 757 1173 841 loquebanturx
1205 759 1424 842 stylus
1453 759 1720 825 illorum
1758 767 1901 825 erat
1940 759 2251 839 κομπώδης,
2278 776 2597 851 egeam·-

407 858 536 933 τίσις
565 862 661 923 καὶ
691 864 846 922 κενοῦ
873 858 1266 945 γαυριάματος
1287 860 1386 923 καὶ
1419 860 1751 943 φιλοτιμίας
1778 861 2079 943 ἀνωμάλου
2109 863 2366 945 μεστός)
2424 866 2601 945 Quis

409 962 774 1027 Pindarum
803 980 932 1026 non
963 964 1262 1027 aestimat
1283 964 1314 1025 ‘l
1407 962 1722 1028 Nomium
1752 980 1885 1028 non
1914 972 2093 1031 amat
2112 968 2143 1030 ‘i
2174 972 2241 1031 et
2268 974 2508 1046 tamen,
2536 970 2601 1033 si

405 1065 656 1127 ferreas
703 1062 888 1127 illius
939 1064 1388 1147 metaphoras,
1431 1064 1627 1148 hujus
1674 1072 1971 1131 tumores
2022 1078 2093 1131 et
2142 1066 2464 1153 περισσείαν
2510 1070 2603 1135 ad

413 1162 703 1229 Hesiodi
729 1170 798 1228 et
841 1163 1147 1250 AEschyli
1186 1166 1586 1231 modestiam
1628 1166 2083 1251 frugalemque
2124 1170 2601 1251 parsimoniam

409 1261 792 1343 contendas,
817 1266 970 1331 illos
991 1267 1212 1333 alatos
1227 1284 1466 1351 equos,
1486 1284 1854 1351 navemque
1874 1276 2075 1333 vento
2094 1271 2381 1353 plenam,
2406 1272 2595 1355 quod

399 1365 650 1451 judicii
679 1366 1096 1461 exactissimi
1121 1369 1240 1449 vir,
1263 1369 1494 1435 Caesar
1515 1370 1831 1453 Scaliger,
1844 1370 1929 1434 de
1961 1368 2255 1454 Papinio
2278 1379 2349 1437 et
2377 1370 2602 1438 Linea·-

404 1486 500 1530 no
555 1466 768 1548 dixit3
829 1470 951 1533 hos
1011 1471 1280 1539 oculum
1321 1470 1762 1549 verecundiae,
1806 1478 1876 1536 et
1920 1490 2101 1537 mare
2148 1472 2597 1558 tranquillum,

407 1569 590 1651 quod
617 1569 794 1634 idem
827 1570 910 1635 de
940 1570 1340 1655 Thucydide
1369 1580 1440 1637 et
1469 1570 1689 1649 Livio,
1710 1572 1863 1655 jure
1892 1575 2131 1638 merito
2158 1573 2371 1639 dicas.
2458 1572 2600 1640 Ae-

404 1669 610 1749 ·cedit,
639 1672 822 1755 qued
849 1672 1116 1756 juvenis
1145 1676 1434 1758 scripsit,
1463 1674 1727 1739 calidus
1770 1680 1987 1739 autem
2017 1675 2133 1739 ille
2160 1679 2459 1757 sanguia,
2490 1672 2603 1739 ἴση

403 1772 598 1848 πόντος
643 1772 860 1853 ἀείδων,
907 1776 1150 1857 grande
1193 1778 1534 1841 locuturus
1580 1776 1863 1840 nebulas
1918 1773 2244 1841 Helieone
2295 1777 2600 1860 legebat:

405 1872 724 1961 illiusque
755 1879 976 1943 aetatis
1005 1880 1226 1957 minse,
1244 1880 1454 1943 altera
1494 1874 1835 1953 orientem,
1880 1878 2065 1962 quod
2098 1880 2182 1941 de
2212 1878 2601 1943 Alexandro

407 1977 541 2057 ille,
571 1980 774 2043 altera
802 1978 1211 2044 occidentem
1241 1981 1596 2044 tenebant:
1646 1979 1857 2061 stylus
1882 1979 2083 2060 igitur
2111 1998 2236 2044 non
2263 1980 2467 2063 χαμαὶ
2496 1974 2603 2043 σό-

408 2104 513 2162 ρει,
557 2081 681 2144 sed
709 2078 1044 2165 ῥεμβόμενος
1075 2080 1172 2143 καὶ
1200 2079 1573 2167 βροντῶμενος
1602 2082 1921 2167 ἀεςοβατεῖ.
2012 2080 2432 2146 Medicorum
2478 2080 2602 2147 filii

409 2201 562 2245 cum
595 2202 800 2247 venas
849 2184 934 2247 de
980 2184 1368 2249 valetudine
1413 2185 1841 2265 interrogant,
1896 2172 2137 2245 melius
2192 2189 2489 2265 sperant,
2540 2184 2600 2247 si

403 2279 642 2347 fortius
673 2284 946 2362 micant,
992 2293 1064 2349 et
1108 2286 1191 2349 de
1231 2286 1410 2368 stylo
1441 2284 1653 2368 major
1694 2284 2112 2367 expectatio,
2144 2284 2213 2351 si·
2253 2275 2600 2366 injuven-

406 2388 553 2447 tute
582 2385 901 2450 masculae
933 2385 1242 2452 dictionis
1285 2385 1597 2451 brachia:
1654 2368 1825 2470 o’e'aeJoov
1854 2402 2145 2467 namque
2190 2382 2389 2463 λαβῶν
2428 2384 2602 2465 μέσον

407 2483 540 2563 ἕξει.
630 2485 822 2550 Malo
850 2485 1137 2571 denique
1169 2486 1444 2571 poetam
1489 2495 1693 2565 stare,
1742 2505 1944 2571 quam
1978 2488 2247 2570 jacere:
2305 2497 2599 2570 surgere,

407 2603 607 2670 quam
656 2605 923 2670 repere:
971 2589 1214 2666 volare,
1253 2607 1452 2672 quam
1498 2589 1821 2653 volutari:
1876 2587 2195 2665 conferat,
2232 2588 2351 2672 qui
2394 2590 2597 2667 volet,
2702 2661 2707 2667 ,

409 2689 675 2754 Coluthi
705 2696 774 2754 et
798 2689 1246 2774 Tryphiodori
1289 2690 1568 2773 reptiles
1610 2697 1678 2754 et
1726 2705 1977 2772 aqueus
2002 2695 2315 2767 conatus,
2347 2695 2599 2754 tantum

410 2790 660 2856 Noster
679 2793 1046 2876 superabit,
1061 2796 1082 2827 ‘
1099 2791 1346 2858 Obruit
1357 2791 1613 2858 Idaeam
1634 2799 1960 2874 quantum
1982 2793 2150 2856 tuba
2160 2791 2402 2856 martia
2422 2793 2599 2856 bux-

407 2893 562 2958 um!
628 2891 764 2958 Val.
795 2891 972 2956 Flac.
1909 2897 1913 2900 ’

494 2993 691 3060 Vixit
717 3013 918 3079 porro
960 2996 1236 3072 saeculo,
1278 3014 1412 3079 quo
1457 2997 1657 3060 bonae
1704 3002 1885 3060 artes
1926 3000 1994 3060 et
2039 2996 2284 3076 ling-uae
2320 2995 2597 3060 adverso

407 3115 598 3160 amne
651 3099 1053 3175 nitebantur,
1104 3098 1264 3176 ime,
1316 3113 1452 3180 quo
1496 3097 1731 3161 literas
1784 3098 1979 3174 scire,
2024 3098 2365 3162 barbaries
2413 3102 2596 3162 erat:

409 3217 548 3280 quo
599 3219 778 3264 mera
819 3201 990 3264 foria
1035 3200 1469 3281 gargarizare,
1515 3205 1590 3264 ut
1638 3198 1855 3263 Varro
1898 3199 2219 3282 loquitur,
2276 3199 2597 3264 saeculum

406 3308 574 3364 erat.
661 3300 840 3379 Quid
885 3319 1046 3384 ergo
1090 3301 1354 3377 mirum,
1381 3301 1441 3363 si
1481 3299 1649 3382 quid
1680 3300 1767 3364 de
1800 3301 2049 3364 saeculo
2077 3299 2273 3365 trahit
2292 3301 2323 3362 ‘t
2370 3298 2431 3363 si
2460 3318 2596 3363 non

405 3393 631 3467 omnia
658 3403 1005 3486 Augusteo
1053 3402 1338 3468 candore
1387 3395 1786 3486 perfundere
1833 3402 2047 3484 potuit
2066 3403 2096 3464 'l
2146 3402 2285 3466 imo
2330 3402 2595 3478 mirum,

405 3505 586 3588 quod
619 3525 825 3588 supra
855 3505 1172 3570 saeculum
1195 3504 1453 3587 aliquid
1483 3502 1823 3586 praestitit,
1856 3502 2031 3584 quod
2060 3521 2211 3566 eum
2243 3499 2592 3566 Gunthero

401 3606 572 3690 (quo
600 3608 755 3690 ipso
787 3614 1010 3672 tamen
1037 3608 1376 3670 venustior
1393 3614 1460 3671 et
1486 3607 1773 3671 comtior
1800 3600 1937 3688 est)
1952 3603 2160 3667 instar
2182 3603 2593 3684 geminorum

401 3710 474 3788 in
530 3710 802 3774 illunem
849 3707 1184 3773 barbariei
1233 3713 1494 3772 noctem
1543 3707 1920 3790 prospexit.
2011 3703 2104 3769 Ut
2143 3722 2319 3768 rosae
2356 3705 2592 3767 alienis

403 3812 744 3876 mensibus
773 3818 950 3876 natoe
983 3827 1074 3874 ex
1101 3810 1372 3875 raritate
1403 3815 1667 3873 sumunt
1694 3810 1999 3891 pretium,
2030 3807 2130 3870 sic
2159 3805 2260 3868 illi
2288 3805 2591 3870 favorem

403 3915 475 3976 et
501 3911 860 3976 aestimium
885 3911 1058 3994 tqui,
1084 3919 1160 3975 ut
1184 3930 1337 3975 cum
1358 3906 1734 3975 pelusiotas
1757 3909 2017 3992 loquar,
2036 3903 2355 3991 ἀρῥωσ-τίας
2380 3907 2590 3982 λειψά-

403 4036 505 4076 νων
535 4011 616 4075 ἔτι
646 4010 859 4094 κόσμον
889 4011 1448 4096 κατασφενὸονῶντων
1489 4014 1589 4088 τὴν
1634 4008 1809 4096 λύραν
1849 4014 2215 4096 ἁραχνιῶσαν
2257 4007 2589 4094 μεταχειρί-

406 4115 592 4193 ζεσθαι
624 4112 959 4196 ἐτόλμησαν.
1050 4111 1358 4198 Denique
1379 4135 1515 4180 non
1546 4115 1701 4178 dico
1732 4113 1949 4178 omnia
1964 4112 2241 4196 optima,
2263 4112 2379 4176 sed
2402 4110 2588 4176 meli·

645 4272 666 4296 ⁸
699 4265 963 4315 Plutarch.
987 4264 1038 4313 in
1063 4263 1306 4314 Antonio.
1888 4259 1909 4291 Υ
1934 4260 2211 4323 Epistcm.
2238 4264 2346 4310 154.
