<?xml version="1.0" encoding="UTF-8"?>
<!DOCTYPE html PUBLIC "-//W3C//DTD XHTML 1.0 Transitional//EN"
    "http://www.w3.org/TR/xhtml1/DTD/xhtml1-transitional.dtd">
<html xmlns="http://www.w3.org/1999/xhtml" xml:lang="en" lang="en">
 <head>
  <title>
</title>
<meta http-equiv="Content-Type" content="text/html;charset=utf-8" />
  <meta name='ocr-system' content='tesseract 3.04.00' />
  <meta name='ocr-capabilities' content='ocr_page ocr_carea ocr_par ocr_line ocrx_word'/>
</head>
<body>
  <div class='ocr_page' id='page_1' title='image "./dictyscretensis01dresgoog_0147.png"; bbox 0 0 3173 4957; ppageno 0'>
   <div class='ocr_carea' id='block_1_1' title="bbox 900 418 2021 470">
    <p class='ocr_par' dir='ltr' id='par_1_1' title="bbox 900 418 2021 470">
     <span class='ocr_line' id='line_1_1' title="bbox 900 418 2021 470; baseline 0.004 -5"><span class='ocrx_word' id='word_1_1' title='bbox 900 419 996 466; x_wconf 87' lang='lat' dir='ltr'>DE</span> <span class='ocrx_word' id='word_1_2' title='bbox 1047 418 1284 466; x_wconf 61' lang='lat' dir='ltr'>nmmo</span> <span class='ocrx_word' id='word_1_3' title='bbox 1331 420 1677 468; x_wconf 74' lang='lat' dir='ltr'>&#39;PROJANO</span> <span class='ocrx_word' id='word_1_4' title='bbox 1732 423 1872 468; x_wconf 73' lang='grc' dir='ltr'><strong><em>[ΑΒ.</em></strong></span> <span class='ocrx_word' id='word_1_5' title='bbox 1922 421 2021 470; x_wconf 83' lang='lat' dir='ltr'>lV.</span> 
     </span>
    </p>
   </div>
   <div class='ocr_carea' id='block_1_2' title="bbox 356 557 2195 645">
    <p class='ocr_par' dir='ltr' id='par_1_2' title="bbox 356 557 2195 645">
     <span class='ocr_line' id='line_1_2' title="bbox 356 557 2195 645; baseline 0.003 -24"><span class='ocrx_word' id='word_1_6' title='bbox 356 557 539 635; x_wconf 77' lang='lat' dir='ltr'>Ense</span> <span class='ocrx_word' id='word_1_7' title='bbox 567 565 823 622; x_wconf 88' lang='lat' dir='ltr'>metens</span> <span class='ocrx_word' id='word_1_8' title='bbox 845 560 1124 634; x_wconf 77' lang='lat' dir='ltr'>medioS,</span> <span class='ocrx_word' id='word_1_9' title='bbox 1153 568 1687 644; x_wconf 86' lang='lat' dir='ltr'>prostratamque</span> <span class='ocrx_word' id='word_1_10' title='bbox 1716 564 1957 645; x_wconf 88' lang='lat' dir='ltr'>impete</span> <span class='ocrx_word' id='word_1_11' title='bbox 1984 564 2195 644; x_wconf 87' lang='lat' dir='ltr'>primo</span> 
     </span>
    </p>
   </div>
   <div class='ocr_carea' id='block_1_3' title="bbox 351 660 2114 1060">
    <p class='ocr_par' dir='ltr' id='par_1_3' title="bbox 358 660 2091 844">
     <span class='ocr_line' id='line_1_3' title="bbox 358 660 2091 746; baseline 0.003 -22"><span class='ocrx_word' id='word_1_12' title='bbox 358 660 601 724; x_wconf 80' lang='lat' dir='ltr'>Calcat</span> <span class='ocrx_word' id='word_1_13' title='bbox 627 680 805 743; x_wconf 88' lang='lat' dir='ltr'>equo</span> <span class='ocrx_word' id='word_1_14' title='bbox 838 662 1092 726; x_wconf 87' lang='lat' dir='ltr'>victore</span> <span class='ocrx_word' id='word_1_15' title='bbox 1120 663 1374 728; x_wconf 81' lang='lat' dir='ltr'>aciem:</span> <span class='ocrx_word' id='word_1_16' title='bbox 1419 681 1524 725; x_wconf 87' lang='lat' dir='ltr'>res</span> <span class='ocrx_word' id='word_1_17' title='bbox 1554 664 1761 746; x_wconf 88' lang='lat' dir='ltr'>plena</span> <span class='ocrx_word' id='word_1_18' title='bbox 1790 671 2091 746; x_wconf 80' lang='lat' dir='ltr'><strong>stupore,</strong></span> 
     </span>
     <span class='ocr_line' id='line_1_4' title="bbox 359 761 2041 844; baseline 0.002 -20"><span class='ocrx_word' id='word_1_19' title='bbox 359 761 594 826; x_wconf 86' lang='lat' dir='ltr'>Turba</span> <span class='ocrx_word' id='word_1_20' title='bbox 621 761 809 844; x_wconf 84' lang='lat' dir='ltr'>fugit,</span> <span class='ocrx_word' id='word_1_21' title='bbox 837 763 1157 844; x_wconf 88' lang='lat' dir='ltr'>solusque</span> <span class='ocrx_word' id='word_1_22' title='bbox 1187 763 1410 844; x_wconf 82' lang='lat' dir='ltr'>fugat:</span> <span class='ocrx_word' id='word_1_23' title='bbox 1457 763 1557 840; x_wconf 85' lang='lat' dir='ltr'>sic</span> <span class='ocrx_word' id='word_1_24' title='bbox 1588 764 1739 844; x_wconf 84' lang='lat' dir='ltr'>igne</span> <span class='ocrx_word' id='word_1_25' title='bbox 1767 765 2041 829; x_wconf 89' lang='lat' dir='ltr'>trisulco</span> 
     </span>
    </p>

    <p class='ocr_par' dir='ltr' id='par_1_4' title="bbox 351 863 2114 1060">
     <span class='ocr_line' id='line_1_5' title="bbox 351 863 2097 946; baseline 0.002 -20"><span class='ocrx_word' id='word_1_26' title='bbox 351 864 539 926; x_wconf 85' lang='lat' dir='ltr'>Tota</span> <span class='ocrx_word' id='word_1_27' title='bbox 565 870 770 945; x_wconf 85' lang='lat' dir='ltr'>pavet</span> <span class='ocrx_word' id='word_1_28' title='bbox 799 873 1130 946; x_wconf 83' lang='lat' dir='ltr'>percussa</span> <span class='ocrx_word' id='word_1_29' title='bbox 1159 863 1420 940; x_wconf 85' lang='lat' dir='ltr'>domus,</span> <span class='ocrx_word' id='word_1_30' title='bbox 1451 883 1611 946; x_wconf 89' lang='lat' dir='ltr'>pars</span> <span class='ocrx_word' id='word_1_31' title='bbox 1640 866 1907 930; x_wconf 78' lang='lat' dir='ltr'>aetheris</span> <span class='ocrx_word' id='word_1_32' title='bbox 1932 869 2097 930; x_wconf 87' lang='lat' dir='ltr'>iram</span> 
     </span>
     <span class='ocr_line' id='line_1_6' title="bbox 359 963 2114 1060; baseline 0.001 -32"><span class='ocrx_word' id='word_1_33' title='bbox 359 963 605 1041; x_wconf 81' lang='lat' dir='ltr'><strong>Sentit,</strong></span> <span class='ocrx_word' id='word_1_34' title='bbox 635 969 704 1027; x_wconf 89' lang='lat' dir='ltr'>at</span> <span class='ocrx_word' id='word_1_35' title='bbox 729 965 797 1026; x_wconf 92' lang='lat' dir='ltr'>in</span> <span class='ocrx_word' id='word_1_36' title='bbox 826 974 1104 1060; x_wconf 81' lang='lat' dir='ltr'>cunctos</span> <span class='ocrx_word' id='word_1_37' title='bbox 1136 965 1391 1047; x_wconf 82' lang='lat' dir='ltr'>spargit</span> <span class='ocrx_word' id='word_1_38' title='bbox 1415 985 1538 1028; x_wconf 89' lang='lat' dir='ltr'>sua</span> <span class='ocrx_word' id='word_1_39' title='bbox 1565 965 1851 1030; x_wconf 80' lang='lat' dir='ltr'><strong>fulmina</strong></span> <span class='ocrx_word' id='word_1_40' title='bbox 1880 976 2114 1030; x_wconf 86' lang='lat' dir='ltr'>terror.</span> 
     </span>
    </p>
   </div>
   <div class='ocr_carea' id='block_1_4' title="bbox 446 1065 1907 1132">
    <p class='ocr_par' dir='ltr' id='par_1_5' title="bbox 446 1065 1907 1132">
     <span class='ocr_line' id='line_1_7' title="bbox 446 1065 1907 1132; baseline 0.003 -4"><span class='ocrx_word' id='word_1_41' title='bbox 446 1065 658 1128; x_wconf 88' lang='lat' dir='ltr'>Haud</span> <span class='ocrx_word' id='word_1_42' title='bbox 691 1065 878 1128; x_wconf 88' lang='lat' dir='ltr'>aliter</span> <span class='ocrx_word' id='word_1_43' title='bbox 903 1065 1064 1130; x_wconf 80' lang='lat' dir='ltr'>dirae</span> <span class='ocrx_word' id='word_1_44' title='bbox 1093 1066 1282 1128; x_wconf 88' lang='lat' dir='ltr'>furiis</span> <span class='ocrx_word' id='word_1_45' title='bbox 1309 1068 1630 1130; x_wconf 85' lang='lat' dir='ltr'>exterrita</span> <span class='ocrx_word' id='word_1_46' title='bbox 1656 1066 1907 1132; x_wconf 79' lang='lat' dir='ltr'>dextrae</span> 
     </span>
    </p>
   </div>
   <div class='ocr_carea' id='block_1_5' title="bbox 349 1166 1997 1553">
    <p class='ocr_par' dir='ltr' id='par_1_6' title="bbox 349 1166 1997 1553">
     <span class='ocr_line' id='line_1_8' title="bbox 355 1166 1943 1251; baseline 0.003 -22"><span class='ocrx_word' id='word_1_47' title='bbox 355 1167 741 1243; x_wconf 87' lang='lat' dir='ltr'>Barbaries,</span> <span class='ocrx_word' id='word_1_48' title='bbox 761 1166 878 1230; x_wconf 87' lang='lat' dir='ltr'>dat</span> <span class='ocrx_word' id='word_1_49' title='bbox 898 1174 1083 1247; x_wconf 85' lang='lat' dir='ltr'>terga</span> <span class='ocrx_word' id='word_1_50' title='bbox 1113 1169 1296 1245; x_wconf 83' lang='lat' dir='ltr'>vir03</span> <span class='ocrx_word' id='word_1_51' title='bbox 1327 1167 1657 1249; x_wconf 83' lang='lat' dir='ltr'>fugientia</span> <span class='ocrx_word' id='word_1_52' title='bbox 1687 1170 1943 1251; x_wconf 86' lang='lat' dir='ltr'>primus</span> 
     </span>
     <span class='ocr_line' id='line_1_9' title="bbox 359 1266 1697 1350; baseline 0.001 -19"><span class='ocrx_word' id='word_1_53' title='bbox 359 1267 598 1342; x_wconf 82' lang='lat' dir='ltr'>Indice</span> <span class='ocrx_word' id='word_1_54' title='bbox 626 1266 972 1350; x_wconf 80' lang='lat' dir='ltr'>deprendit</span> <span class='ocrx_word' id='word_1_55' title='bbox 996 1287 1186 1332; x_wconf 86' lang='lat' dir='ltr'>curru</span> <span class='ocrx_word' id='word_1_56' title='bbox 1213 1268 1492 1349; x_wconf 86' lang='lat' dir='ltr'>vestigia</span> <span class='ocrx_word' id='word_1_57' title='bbox 1519 1269 1697 1349; x_wconf 85' lang='lat' dir='ltr'>regis</span> 
     </span>
     <span class='ocr_line' id='line_1_10' title="bbox 349 1368 1997 1451; baseline 0.001 -19"><span class='ocrx_word' id='word_1_58' title='bbox 349 1368 709 1444; x_wconf 69' lang='lat' dir='ltr'>³AEacideS,</span> <span class='ocrx_word' id='word_1_59' title='bbox 737 1370 982 1451; x_wconf 87' lang='lat' dir='ltr'>quippe</span> <span class='ocrx_word' id='word_1_60' title='bbox 1015 1370 1168 1432; x_wconf 83' lang='lat' dir='ltr'>aeris</span> <span class='ocrx_word' id='word_1_61' title='bbox 1199 1389 1376 1451; x_wconf 84' lang='lat' dir='ltr'>apex</span> <span class='ocrx_word' id='word_1_62' title='bbox 1406 1371 1732 1435; x_wconf 86' lang='lat' dir='ltr'>radiantis</span> <span class='ocrx_word' id='word_1_63' title='bbox 1759 1370 1997 1434; x_wconf 84' lang='lat' dir='ltr'>inertes</span> 
     </span>
     <span class='ocr_line' id='line_1_11' title="bbox 357 1467 1872 1553; baseline 0.001 -21"><span class='ocrx_word' id='word_1_64' title='bbox 357 1467 660 1534; x_wconf 82' lang='lat' dir='ltr'>Accusat</span> <span class='ocrx_word' id='word_1_65' title='bbox 687 1470 1017 1532; x_wconf 86' lang='lat' dir='ltr'>latebras:</span> <span class='ocrx_word' id='word_1_66' title='bbox 1065 1489 1108 1534; x_wconf 90' lang='lat' dir='ltr'>o</span> <span class='ocrx_word' id='word_1_67' title='bbox 1136 1470 1348 1533; x_wconf 81' lang='lat' dir='ltr'>noxia</span> <span class='ocrx_word' id='word_1_68' title='bbox 1375 1471 1586 1553; x_wconf 88' lang='lat' dir='ltr'>gloria</span> <span class='ocrx_word' id='word_1_69' title='bbox 1616 1472 1872 1534; x_wconf 86' lang='lat' dir='ltr'>rerum!</span> 
     </span>
    </p>
   </div>
   <div class='ocr_carea' id='block_1_6' title="bbox 360 1570 1979 1654">
    <p class='ocr_par' dir='ltr' id='par_1_7' title="bbox 360 1570 1979 1654">
     <span class='ocr_line' id='line_1_12' title="bbox 360 1570 1979 1654; baseline 0.003 -23"><span class='ocrx_word' id='word_1_70' title='bbox 360 1570 538 1634; x_wconf 87' lang='lat' dir='ltr'>Tuta</span> <span class='ocrx_word' id='word_1_71' title='bbox 565 1571 802 1654; x_wconf 88' lang='lat' dir='ltr'>inopes</span> <span class='ocrx_word' id='word_1_72' title='bbox 826 1570 988 1635; x_wconf 84' lang='lat' dir='ltr'>fatis</span> <span class='ocrx_word' id='word_1_73' title='bbox 1018 1570 1254 1634; x_wconf 87' lang='lat' dir='ltr'>adimit</span> <span class='ocrx_word' id='word_1_74' title='bbox 1282 1570 1460 1652; x_wconf 85' lang='lat' dir='ltr'>fuga,</span> <span class='ocrx_word' id='word_1_75' title='bbox 1491 1579 1693 1636; x_wconf 86' lang='lat' dir='ltr'>notus</span> <span class='ocrx_word' id='word_1_76' title='bbox 1720 1574 1789 1635; x_wconf 87' lang='lat' dir='ltr'>in</span> <span class='ocrx_word' id='word_1_77' title='bbox 1812 1591 1979 1636; x_wconf 86' lang='lat' dir='ltr'>auro</span> 
     </span>
    </p>
   </div>
   <div class='ocr_carea' id='block_1_7' title="bbox 360 1671 1985 1756">
    <p class='ocr_par' dir='ltr' id='par_1_8' title="bbox 360 1671 1985 1756">
     <span class='ocr_line' id='line_1_13' title="bbox 360 1671 1985 1756; baseline 0.001 -21"><span class='ocrx_word' id='word_1_78' title='bbox 360 1671 526 1736; x_wconf 81' lang='lat' dir='ltr'>Dux</span> <span class='ocrx_word' id='word_1_79' title='bbox 557 1672 764 1750; x_wconf 88' lang='lat' dir='ltr'>timet,</span> <span class='ocrx_word' id='word_1_80' title='bbox 792 1680 863 1735; x_wconf 89' lang='lat' dir='ltr'>et</span> <span class='ocrx_word' id='word_1_81' title='bbox 891 1672 1052 1736; x_wconf 78' lang='lat' dir='ltr'>vitae</span> <span class='ocrx_word' id='word_1_82' title='bbox 1076 1673 1462 1737; x_wconf 87' lang='lat' dir='ltr'>discrimina</span> <span class='ocrx_word' id='word_1_83' title='bbox 1489 1673 1661 1738; x_wconf 88' lang='lat' dir='ltr'>ditia</span> <span class='ocrx_word' id='word_1_84' title='bbox 1690 1681 1985 1756; x_wconf 68' lang='lat' dir='ltr'>gestam,</span> 
     </span>
    </p>
   </div>
   <div class='ocr_carea' id='block_1_8' title="bbox 361 1772 2058 1970">
    <p class='ocr_par' dir='ltr' id='par_1_9' title="bbox 361 1772 2058 1970">
     <span class='ocr_line' id='line_1_14' title="bbox 361 1772 2027 1857; baseline 0 -21"><span class='ocrx_word' id='word_1_85' title='bbox 361 1772 534 1836; x_wconf 87' lang='lat' dir='ltr'>Cum</span> <span class='ocrx_word' id='word_1_86' title='bbox 565 1774 764 1837; x_wconf 82' lang='lat' dir='ltr'>vellet</span> <span class='ocrx_word' id='word_1_87' title='bbox 791 1775 1090 1851; x_wconf 86' lang='lat' dir='ltr'>latuisse,</span> <span class='ocrx_word' id='word_1_88' title='bbox 1117 1775 1330 1857; x_wconf 88' lang='lat' dir='ltr'>perit:</span> <span class='ocrx_word' id='word_1_89' title='bbox 1365 1774 1512 1857; x_wconf 87' lang='lat' dir='ltr'>jam</span> <span class='ocrx_word' id='word_1_90' title='bbox 1539 1793 1727 1838; x_wconf 82' lang='lat' dir='ltr'>saeva</span> <span class='ocrx_word' id='word_1_91' title='bbox 1755 1793 2027 1839; x_wconf 88' lang='lat' dir='ltr'>cruores</span> 
     </span>
     <span class='ocr_line' id='line_1_15' title="bbox 363 1874 2058 1970; baseline 0.001 -33"><span class='ocrx_word' id='word_1_92' title='bbox 363 1874 590 1938; x_wconf 83' lang='lat' dir='ltr'>Hasta</span> <span class='ocrx_word' id='word_1_93' title='bbox 617 1875 792 1938; x_wconf 88' lang='lat' dir='ltr'>alios</span> <span class='ocrx_word' id='word_1_94' title='bbox 821 1875 1142 1939; x_wconf 86' lang='lat' dir='ltr'>haustura</span> <span class='ocrx_word' id='word_1_95' title='bbox 1159 1875 1340 1970; x_wconf 62' lang='lat' dir='ltr'>Q,</span> <span class='ocrx_word' id='word_1_96' title='bbox 1369 1875 1753 1957; x_wconf 89' lang='lat' dir='ltr'>primusque</span> <span class='ocrx_word' id='word_1_97' title='bbox 1780 1876 2058 1958; x_wconf 87' lang='lat' dir='ltr'>tepebat</span> 
     </span>
    </p>
   </div>
   <div class='ocr_carea' id='block_1_9' title="bbox 361 1973 2051 2058">
    <p class='ocr_par' dir='ltr' id='par_1_10' title="bbox 361 1973 2051 2058">
     <span class='ocr_line' id='line_1_16' title="bbox 361 1973 2051 2058; baseline 0.001 -22"><span class='ocrx_word' id='word_1_98' title='bbox 361 1973 624 2046; x_wconf 87' lang='lat' dir='ltr'>Mucro,</span> <span class='ocrx_word' id='word_1_99' title='bbox 655 1995 810 2039; x_wconf 91' lang='lat' dir='ltr'>cum</span> <span class='ocrx_word' id='word_1_100' title='bbox 836 1995 1071 2058; x_wconf 87' lang='lat' dir='ltr'>parma</span> <span class='ocrx_word' id='word_1_101' title='bbox 1095 1975 1458 2057; x_wconf 87' lang='lat' dir='ltr'>repetitum</span> <span class='ocrx_word' id='word_1_102' title='bbox 1485 1975 1823 2058; x_wconf 81' lang='lat' dir='ltr'>Telephus</span> <span class='ocrx_word' id='word_1_103' title='bbox 1845 1977 2051 2039; x_wconf 89' lang='lat' dir='ltr'>ictum</span> 
     </span>
    </p>
   </div>
   <div class='ocr_carea' id='block_1_10' title="bbox 357 2076 1987 2164">
    <p class='ocr_par' dir='ltr' id='par_1_11' title="bbox 357 2076 1987 2164">
     <span class='ocr_line' id='line_1_17' title="bbox 357 2076 1987 2164; baseline 0.003 -24"><span class='ocrx_word' id='word_1_104' title='bbox 357 2076 640 2160; x_wconf 89' lang='lat' dir='ltr'>Depulit</span> <span class='ocrx_word' id='word_1_105' title='bbox 669 2077 950 2160; x_wconf 72' lang='lat' dir='ltr'>objecta,</span> <span class='ocrx_word' id='word_1_106' title='bbox 981 2077 1419 2164; x_wconf 59' lang='lat' dir='ltr'>dextramque</span> <span class='ocrx_word' id='word_1_107' title='bbox 1447 2076 1646 2140; x_wconf 87' lang='lat' dir='ltr'>elusit</span> <span class='ocrx_word' id='word_1_108' title='bbox 1673 2077 1987 2146; x_wconf 73' lang='lat' dir='ltr'>inanem·</span> 
     </span>
    </p>
   </div>
   <div class='ocr_carea' id='block_1_11' title="bbox 347 2174 2117 2564">
    <p class='ocr_par' dir='ltr' id='par_1_12' title="bbox 347 2174 2117 2564">
     <span class='ocr_line' id='line_1_18' title="bbox 362 2174 1929 2261; baseline 0 -19"><span class='ocrx_word' id='word_1_109' title='bbox 362 2177 650 2243; x_wconf 86' lang='lat' dir='ltr'>Missilis</span> <span class='ocrx_word' id='word_1_110' title='bbox 679 2174 1020 2258; x_wconf 58' lang='lat' dir='ltr'>innocui&amp;</span> <span class='ocrx_word' id='word_1_111' title='bbox 1039 2180 1254 2242; x_wconf 83' lang='lat' dir='ltr'>mixta</span> <span class='ocrx_word' id='word_1_112' title='bbox 1283 2179 1502 2261; x_wconf 87' lang='lat' dir='ltr'>pudor</span> <span class='ocrx_word' id='word_1_113' title='bbox 1525 2185 1802 2260; x_wconf 84' lang='lat' dir='ltr'>asperat</span> <span class='ocrx_word' id='word_1_114' title='bbox 1828 2180 1929 2242; x_wconf 91' lang='lat' dir='ltr'>ira</span> 
     </span>
     <span class='ocr_line' id='line_1_19' title="bbox 361 2279 2055 2364; baseline 0 -22"><span class='ocrx_word' id='word_1_115' title='bbox 361 2279 740 2358; x_wconf 79' lang='lat' dir='ltr'>AEacide‘m,</span> <span class='ocrx_word' id='word_1_116' title='bbox 769 2281 1044 2359; x_wconf 86' lang='lat' dir='ltr'>frendet,</span> <span class='ocrx_word' id='word_1_117' title='bbox 1076 2286 1279 2364; x_wconf 87' lang='lat' dir='ltr'>atque</span> <span class='ocrx_word' id='word_1_118' title='bbox 1297 2281 1713 2362; x_wconf 84' lang='lat' dir='ltr'>ignescentia</span> <span class='ocrx_word' id='word_1_119' title='bbox 1738 2287 2055 2363; x_wconf 87' lang='lat' dir='ltr'>torquens</span> 
     </span>
     <span class='ocr_line' id='line_1_20' title="bbox 347 2378 2016 2462; baseline -0.001 -19"><span class='ocrx_word' id='word_1_120' title='bbox 347 2380 670 2459; x_wconf 69' lang='lat' dir='ltr'>Lumina,</span> <span class='ocrx_word' id='word_1_121' title='bbox 698 2381 888 2445; x_wconf 88' lang='lat' dir='ltr'>Tune</span> <span class='ocrx_word' id='word_1_122' title='bbox 916 2400 1104 2446; x_wconf 90' lang='lat' dir='ltr'>meos</span> <span class='ocrx_word' id='word_1_123' title='bbox 1133 2378 1290 2462; x_wconf 86' lang='lat' dir='ltr'>(ait)</span> <span class='ocrx_word' id='word_1_124' title='bbox 1319 2398 1524 2444; x_wconf 87' lang='lat' dir='ltr'>ausus</span> <span class='ocrx_word' id='word_1_125' title='bbox 1549 2380 1779 2443; x_wconf 84' lang='lat' dir='ltr'>fallere</span> <span class='ocrx_word' id='word_1_126' title='bbox 1806 2381 2016 2457; x_wconf 87' lang='lat' dir='ltr'>nisus,</span> 
     </span>
     <span class='ocr_line' id='line_1_21' title="bbox 363 2480 2117 2564; baseline -0.002 -18"><span class='ocrx_word' id='word_1_127' title='bbox 363 2483 452 2547; x_wconf 84' lang='lat' dir='ltr'>Et</span> <span class='ocrx_word' id='word_1_128' title='bbox 476 2484 738 2547; x_wconf 87' lang='lat' dir='ltr'>steriles</span> <span class='ocrx_word' id='word_1_129' title='bbox 768 2501 1090 2564; x_wconf 86' lang='lat' dir='ltr'>quassare</span> <span class='ocrx_word' id='word_1_130' title='bbox 1121 2481 1336 2544; x_wconf 85' lang='lat' dir='ltr'>minas</span> <span class='ocrx_word' id='word_1_131' title='bbox 1356 2481 1385 2541; x_wconf 70' lang='lat' dir='ltr'>‘l</span> <span class='ocrx_word' id='word_1_132' title='bbox 1431 2482 1531 2543; x_wconf 87' lang='lat' dir='ltr'>sic</span> <span class='ocrx_word' id='word_1_133' title='bbox 1565 2480 1768 2558; x_wconf 76' lang='lat' dir='ltr'>fatuS,</span> <span class='ocrx_word' id='word_1_134' title='bbox 1797 2482 1865 2543; x_wconf 87' lang='lat' dir='ltr'>in</span> <span class='ocrx_word' id='word_1_135' title='bbox 1890 2482 2117 2563; x_wconf 88' lang='lat' dir='ltr'>ipsum</span> 
     </span>
    </p>
   </div>
   <div class='ocr_carea' id='block_1_12' title="bbox 362 2580 2064 2665">
    <p class='ocr_par' dir='ltr' id='par_1_13' title="bbox 362 2580 2064 2665">
     <span class='ocr_line' id='line_1_22' title="bbox 362 2580 2064 2665; baseline -0.002 -18"><span class='ocrx_word' id='word_1_136' title='bbox 362 2583 728 2647; x_wconf 89' lang='lat' dir='ltr'>Vibrasset</span> <span class='ocrx_word' id='word_1_137' title='bbox 745 2583 1075 2665; x_wconf 82' lang='lat' dir='ltr'>jaculum,</span> <span class='ocrx_word' id='word_1_138' title='bbox 1107 2581 1338 2645; x_wconf 86' lang='lat' dir='ltr'>timido</span> <span class='ocrx_word' id='word_1_139' title='bbox 1368 2598 1520 2643; x_wconf 91' lang='lat' dir='ltr'>cum</span> <span class='ocrx_word' id='word_1_140' title='bbox 1541 2580 1890 2661; x_wconf 75' lang='lat' dir='ltr'>Telephus</span> <span class='ocrx_word' id='word_1_141' title='bbox 1922 2598 2064 2655; x_wconf 88' lang='lat' dir='ltr'>ore,</span> 
     </span>
    </p>
   </div>
   <div class='ocr_carea' id='block_1_13' title="bbox 361 2679 2373 3069">
    <p class='ocr_par' dir='ltr' id='par_1_14' title="bbox 361 2679 2373 3069">
     <span class='ocr_line' id='line_1_23' title="bbox 423 2679 2373 2765; baseline -0.003 -17"><span class='ocrx_word' id='word_1_142' title='bbox 423 2685 612 2748; x_wconf 69' lang='lat' dir='ltr'>‘Heu</span> <span class='ocrx_word' id='word_1_143' title='bbox 643 2703 874 2765; x_wconf 88' lang='lat' dir='ltr'>parce,</span> <span class='ocrx_word' id='word_1_144' title='bbox 903 2683 1278 2747; x_wconf 82' lang='lat' dir='ltr'>exclamat:</span> <span class='ocrx_word' id='word_1_145' title='bbox 1321 2681 1558 2765; x_wconf 88' lang='lat' dir='ltr'>procul</span> <span class='ocrx_word' id='word_1_146' title='bbox 1585 2680 1757 2756; x_wconf 86' lang='lat' dir='ltr'>haec,</span> <span class='ocrx_word' id='word_1_147' title='bbox 1780 2679 2135 2745; x_wconf 80' lang='lat' dir='ltr'>fortissime</span> <span class='ocrx_word' id='word_1_148' title='bbox 2160 2680 2373 2760; x_wconf 78' lang='lat' dir='ltr'>gentis</span> 
     </span>
     <span class='ocr_line' id='line_1_24' title="bbox 362 2781 2360 2871; baseline -0.003 -21"><span class='ocrx_word' id='word_1_149' title='bbox 362 2786 878 2871; x_wconf 84' lang='lat' dir='ltr'>Myrmidonum,</span> <span class='ocrx_word' id='word_1_150' title='bbox 909 2789 1211 2850; x_wconf 83' lang='lat' dir='ltr'>avertant</span> <span class='ocrx_word' id='word_1_151' title='bbox 1237 2784 1473 2867; x_wconf 90' lang='lat' dir='ltr'>Superi</span> <span class='ocrx_word' id='word_1_152' title='bbox 1505 2784 1793 2865; x_wconf 76' lang='lat' dir='ltr'>probraz</span> <span class='ocrx_word' id='word_1_153' title='bbox 1835 2787 1987 2845; x_wconf 88' lang='lat' dir='ltr'>tune</span> <span class='ocrx_word' id='word_1_154' title='bbox 2016 2781 2121 2843; x_wconf 88' lang='lat' dir='ltr'>bis</span> <span class='ocrx_word' id='word_1_155' title='bbox 2152 2781 2360 2846; x_wconf 89' lang='lat' dir='ltr'>ullum</span> 
     </span>
     <span class='ocr_line' id='line_1_25' title="bbox 361 2881 2179 2968; baseline -0.003 -17"><span class='ocrx_word' id='word_1_156' title='bbox 361 2887 708 2952; x_wconf 87' lang='lat' dir='ltr'>Percuties</span> <span class='ocrx_word' id='word_1_157' title='bbox 737 2887 998 2951; x_wconf 87' lang='lat' dir='ltr'>hostem</span> <span class='ocrx_word' id='word_1_158' title='bbox 1016 2887 1046 2948; x_wconf 78' lang='lat' dir='ltr'>&#39;l</span> <span class='ocrx_word' id='word_1_159' title='bbox 1095 2885 1406 2968; x_wconf 90' lang='lat' dir='ltr'>quisquis</span> <span class='ocrx_word' id='word_1_160' title='bbox 1440 2885 1551 2949; x_wconf 86' lang='lat' dir='ltr'>vel</span> <span class='ocrx_word' id='word_1_161' title='bbox 1581 2884 1793 2949; x_wconf 86' lang='lat' dir='ltr'>sensit</span> <span class='ocrx_word' id='word_1_162' title='bbox 1819 2881 2179 2960; x_wconf 85' lang='lat' dir='ltr'>Achillem,</span> 
     </span>
     <span class='ocr_line' id='line_1_26' title="bbox 366 2987 2072 3069; baseline -0.005 -15"><span class='ocrx_word' id='word_1_163' title='bbox 366 2987 670 3055; x_wconf 90' lang='lat' dir='ltr'>Sufficiat</span> <span class='ocrx_word' id='word_1_164' title='bbox 695 2987 1019 3052; x_wconf 90' lang='lat' dir='ltr'>cecidisse</span> <span class='ocrx_word' id='word_1_165' title='bbox 1049 2989 1302 3052; x_wconf 84' lang='lat' dir='ltr'>semel:</span> <span class='ocrx_word' id='word_1_166' title='bbox 1347 2994 1464 3051; x_wconf 88' lang='lat' dir='ltr'>tua</span> <span class='ocrx_word' id='word_1_167' title='bbox 1491 2987 1773 3050; x_wconf 85' lang='lat' dir='ltr'>fulmina</span> <span class='ocrx_word' id='word_1_168' title='bbox 1800 3004 2072 3069; x_wconf 82' lang='lat' dir='ltr'>passuS,</span> 
     </span>
    </p>
   </div>
   <div class='ocr_carea' id='block_1_14' title="bbox 366 3086 2043 3170">
    <p class='ocr_par' dir='ltr' id='par_1_15' title="bbox 366 3086 2043 3170">
     <span class='ocr_line' id='line_1_27' title="bbox 366 3086 2043 3170; baseline -0.004 -15"><span class='ocrx_word' id='word_1_169' title='bbox 366 3090 661 3155; x_wconf 84' lang='lat' dir='ltr'>Alterius</span> <span class='ocrx_word' id='word_1_170' title='bbox 690 3108 823 3153; x_wconf 89' lang='lat' dir='ltr'>non</span> <span class='ocrx_word' id='word_1_171' title='bbox 853 3090 1092 3153; x_wconf 89' lang='lat' dir='ltr'>mortis</span> <span class='ocrx_word' id='word_1_172' title='bbox 1124 3095 1313 3170; x_wconf 86' lang='lat' dir='ltr'>eget:</span> <span class='ocrx_word' id='word_1_173' title='bbox 1359 3108 1477 3152; x_wconf 88' lang='lat' dir='ltr'>cur</span> <span class='ocrx_word' id='word_1_174' title='bbox 1508 3093 1699 3152; x_wconf 86' lang='lat' dir='ltr'>torva</span> <span class='ocrx_word' id='word_1_175' title='bbox 1727 3086 2043 3150; x_wconf 64' lang='lat' dir='ltr'>minaris?</span> 
     </span>
    </p>
   </div>
   <div class='ocr_carea' id='block_1_15' title="bbox 2421 3085 2553 3151">
    <p class='ocr_par' dir='ltr' id='par_1_16' title="bbox 2421 3085 2553 3151">
     <span class='ocr_line' id='line_1_28' title="bbox 2421 3085 2553 3151; baseline -0.015 0"><span class='ocrx_word' id='word_1_176' title='bbox 2421 3085 2553 3151; x_wconf 80' lang='lat'>405</span> 
     </span>
    </p>
   </div>
   <div class='ocr_carea' id='block_1_16' title="bbox 363 3187 2266 3275">
    <p class='ocr_par' dir='ltr' id='par_1_17' title="bbox 363 3187 2266 3275">
     <span class='ocr_line' id='line_1_29' title="bbox 363 3187 2266 3275; baseline -0.003 -20"><span class='ocrx_word' id='word_1_177' title='bbox 363 3191 521 3255; x_wconf 81' lang='lat' dir='ltr'>Non</span> <span class='ocrx_word' id='word_1_178' title='bbox 547 3192 848 3273; x_wconf 73' lang='lat' dir='ltr'>tegimuS,</span> <span class='ocrx_word' id='word_1_179' title='bbox 875 3190 1248 3275; x_wconf 85' lang='lat' dir='ltr'>meruitque</span> <span class='ocrx_word' id='word_1_180' title='bbox 1273 3195 1532 3252; x_wconf 71' lang='lat' dir='ltr'>tamena</span> <span class='ocrx_word' id='word_1_181' title='bbox 1577 3188 1714 3252; x_wconf 84' lang='lat' dir='ltr'>scis</span> <span class='ocrx_word' id='word_1_182' title='bbox 1755 3189 1901 3269; x_wconf 88' lang='lat' dir='ltr'>ipse</span> <span class='ocrx_word' id='word_1_183' title='bbox 1934 3187 2266 3251; x_wconf 86' lang='lat' dir='ltr'>tumultus</span> 
     </span>
    </p>
   </div>
   <div class='ocr_carea' id='block_1_17' title="bbox 1345 3435 1566 3488">
    <p class='ocr_par' dir='ltr' id='par_1_18' title="bbox 1345 3435 1566 3488">
     <span class='ocr_line' id='line_1_30' title="bbox 1345 3435 1566 3488; baseline -0.009 0"><span class='ocrx_word' id='word_1_184' title='bbox 1345 3435 1566 3488; x_wconf 77' lang='lat' dir='ltr'><strong>NOTAE</strong></span> 
     </span>
    </p>
   </div>
   <div class='ocr_carea' id='block_1_18' title="bbox 364 3568 1419 4224">
    <p class='ocr_par' dir='ltr' id='par_1_19' title="bbox 365 3568 1414 3772">
     <span class='ocr_line' id='line_1_31' title="bbox 429 3568 1412 3633; baseline -0.006 -11"><span class='ocrx_word' id='word_1_185' title='bbox 429 3576 526 3622; x_wconf 71' lang='lat'>382</span> <span class='ocrx_word' id='word_1_186' title='bbox 561 3570 725 3621; x_wconf 72' lang='lat' dir='ltr'>&#39;Turba</span> <span class='ocrx_word' id='word_1_187' title='bbox 733 3569 893 3633; x_wconf 77' lang='lat' dir='ltr'>fugit,</span> <span class='ocrx_word' id='word_1_188' title='bbox 910 3570 1300 3633; x_wconf 66' lang='lat' dir='ltr'>solusquefugat]</span> <span class='ocrx_word' id='word_1_189' title='bbox 1325 3568 1412 3618; x_wconf 89' lang='lat' dir='ltr'>Sic</span> 
     </span>
     <span class='ocr_line' id='line_1_32' title="bbox 367 3644 1414 3710; baseline -0.005 -12"><span class='ocrx_word' id='word_1_190' title='bbox 367 3662 445 3698; x_wconf 76' lang='lat' dir='ltr'>vl.</span> <span class='ocrx_word' id='word_1_191' title='bbox 467 3650 482 3677; x_wconf 79' lang='lat'><strong>⁴</strong></span> <span class='ocrx_word' id='word_1_192' title='bbox 497 3649 626 3697; x_wconf 87' lang='lat' dir='ltr'>Cum</span> <span class='ocrx_word' id='word_1_193' title='bbox 641 3660 822 3695; x_wconf 77' lang='lat' dir='ltr'>manus</span> <span class='ocrx_word' id='word_1_194' title='bbox 839 3659 940 3695; x_wconf 79' lang='lat' dir='ltr'>ana</span> <span class='ocrx_word' id='word_1_195' title='bbox 955 3645 1124 3710; x_wconf 80' lang='lat' dir='ltr'>fugat,</span> <span class='ocrx_word' id='word_1_196' title='bbox 1139 3644 1414 3708; x_wconf 72' lang='lat' dir='ltr'>fugiatque</span> 
     </span>
     <span class='ocr_line' id='line_1_33' title="bbox 365 3719 842 3772; baseline -0.008 0"><span class='ocrx_word' id='word_1_197' title='bbox 365 3721 629 3772; x_wconf 68' lang='lat' dir='ltr'>exercitus</span> <span class='ocrx_word' id='word_1_198' title='bbox 648 3719 842 3769; x_wconf 65' lang='lat' dir='ltr'>omnis:</span> 
     </span>
    </p>

    <p class='ocr_par' dir='ltr' id='par_1_20' title="bbox 364 3794 1416 4163">
     <span class='ocr_line' id='line_1_34' title="bbox 430 3794 1416 3857; baseline -0.003 -10"><span class='ocrx_word' id='word_1_199' title='bbox 430 3800 528 3847; x_wconf 73' lang='lat'>38⁴</span> <span class='ocrx_word' id='word_1_200' title='bbox 562 3796 626 3845; x_wconf 69' lang='lat' dir='ltr'>In</span> <span class='ocrx_word' id='word_1_201' title='bbox 660 3800 848 3844; x_wconf 73' lang='lat' dir='ltr'>cunctos</span> <span class='ocrx_word' id='word_1_202' title='bbox 881 3795 1066 3857; x_wconf 70' lang='lat' dir='ltr'>epm-git</span> <span class='ocrx_word' id='word_1_203' title='bbox 1098 3810 1186 3844; x_wconf 75' lang='lat' dir='ltr'>m</span> <span class='ocrx_word' id='word_1_204' title='bbox 1205 3794 1416 3853; x_wconf 68' lang='lat' dir='ltr'>ful-tim</span> 
     </span>
     <span class='ocr_line' id='line_1_35' title="bbox 364 3870 1414 3937; baseline -0.009 -12"><span class='ocrx_word' id='word_1_205' title='bbox 364 3874 538 3937; x_wconf 76' lang='lat' dir='ltr'>terror]</span> <span class='ocrx_word' id='word_1_206' title='bbox 571 3872 662 3923; x_wconf 82' lang='lat' dir='ltr'>Sic</span> <span class='ocrx_word' id='word_1_207' title='bbox 679 3870 864 3932; x_wconf 78' lang='lat' dir='ltr'>Papin-</span> <span class='ocrx_word' id='word_1_208' title='bbox 877 3870 1228 3932; x_wconf 68' lang='grc' dir='ltr'>ἑπιφυνῇμπος</span> <span class='ocrx_word' id='word_1_209' title='bbox 1248 3871 1414 3921; x_wconf 80' lang='lat' dir='ltr'>vicem</span> 
     </span>
     <span class='ocr_line' id='line_1_36' title="bbox 366 3944 1414 4013; baseline -0.004 -14"><span class='ocrx_word' id='word_1_210' title='bbox 366 3948 692 4013; x_wconf 74' lang='lat' dir='ltr'>tempestatis</span> <span class='ocrx_word' id='word_1_211' title='bbox 746 3944 1084 4008; x_wconf 80' lang='lat' dir='ltr'>descriptioni</span> <span class='ocrx_word' id='word_1_212' title='bbox 1111 3948 1118 3953; x_wconf 79' lang='grc'><strong>’</strong></span> <span class='ocrx_word' id='word_1_213' title='bbox 1149 3945 1414 3995; x_wconf 80' lang='lat' dir='ltr'>subnectit</span> 
     </span>
     <span class='ocr_line' id='line_1_37' title="bbox 367 4020 1411 4084; baseline -0.003 -11"><span class='ocrx_word' id='word_1_214' title='bbox 367 4033 584 4075; x_wconf 68' lang='lat' dir='ltr'>venuste</span> <span class='ocrx_word' id='word_1_215' title='bbox 603 4042 619 4075; x_wconf 75' lang='lat' dir='ltr'>z</span> <span class='ocrx_word' id='word_1_216' title='bbox 652 4026 667 4052; x_wconf 88' lang='lat'>‘</span> <span class='ocrx_word' id='word_1_217' title='bbox 687 4023 759 4072; x_wconf 86' lang='lat' dir='ltr'>Et</span> <span class='ocrx_word' id='word_1_218' title='bbox 777 4029 948 4071; x_wconf 85' lang='lat' dir='ltr'>tamen</span> <span class='ocrx_word' id='word_1_219' title='bbox 971 4034 1242 4084; x_wconf 67' lang='lat' dir='ltr'>oppressos</span> <span class='ocrx_word' id='word_1_220' title='bbox 1263 4020 1411 4070; x_wconf 72' lang='lat' dir='ltr'>miae-</span> 
     </span>
     <span class='ocr_line' id='line_1_38' title="bbox 370 4094 1090 4163; baseline -0.006 -15"><span class='ocrx_word' id='word_1_221' title='bbox 370 4106 550 4149; x_wconf 84' lang='lat' dir='ltr'>rantur</span> <span class='ocrx_word' id='word_1_222' title='bbox 571 4100 622 4148; x_wconf 88' lang='lat' dir='ltr'>in</span> <span class='ocrx_word' id='word_1_223' title='bbox 647 4112 852 4163; x_wconf 79' lang='lat' dir='ltr'>oequore</span> <span class='ocrx_word' id='word_1_224' title='bbox 869 4094 1090 4146; x_wconf 55' lang='lat' dir='ltr'>nautae</span> 
     </span>
    </p>

    <p class='ocr_par' dir='ltr' id='par_1_21' title="bbox 432 4169 1419 4224">
     <span class='ocr_line' id='line_1_39' title="bbox 432 4169 1419 4224; baseline -0.003 -2"><span class='ocrx_word' id='word_1_225' title='bbox 432 4178 529 4223; x_wconf 72' lang='lat'>³92</span> <span class='ocrx_word' id='word_1_226' title='bbox 579 4176 694 4224; x_wconf 71' lang='lat' dir='ltr'>Jam</span> <span class='ocrx_word' id='word_1_227' title='bbox 726 4188 850 4223; x_wconf 66' lang='lat' dir='ltr'>aava</span> <span class='ocrx_word' id='word_1_228' title='bbox 879 4186 1069 4221; x_wconf 71' lang='lat' dir='ltr'>cruores</span> <span class='ocrx_word' id='word_1_229' title='bbox 1103 4169 1264 4219; x_wconf 69' lang='lat' dir='ltr'>Hasta</span> <span class='ocrx_word' id='word_1_230' title='bbox 1303 4169 1419 4219; x_wconf 69' lang='lat' dir='ltr'>alios</span> 
     </span>
    </p>
   </div>
   <div class='ocr_carea' id='block_1_19' title="bbox 371 4244 1416 4315">
    <p class='ocr_par' dir='ltr' id='par_1_22' title="bbox 371 4244 1416 4315">
     <span class='ocr_line' id='line_1_40' title="bbox 371 4244 1416 4315; baseline -0.006 -14"><span class='ocrx_word' id='word_1_231' title='bbox 371 4250 622 4315; x_wconf 59' lang='lat' dir='ltr'>hausura]</span> <span class='ocrx_word' id='word_1_232' title='bbox 665 4250 1008 4311; x_wconf 71' lang='grc' dir='ltr'>Ἀποσιύπησιε</span> <span class='ocrx_word' id='word_1_233' title='bbox 1036 4244 1277 4310; x_wconf 70' lang='grc' dir='ltr'><strong>Ροὲῑίοε,</strong></span> <span class='ocrx_word' id='word_1_234' title='bbox 1313 4246 1416 4309; x_wconf 84' lang='lat' dir='ltr'>pri·</span> 
     </span>
    </p>
   </div>
   <div class='ocr_carea' id='block_1_20' title="bbox 1493 3560 2553 4219">
    <p class='ocr_par' dir='ltr' id='par_1_23' title="bbox 1495 3560 2553 3853">
     <span class='ocr_line' id='line_1_41' title="bbox 1495 3560 2553 3625; baseline -0.005 -11"><span class='ocrx_word' id='word_1_235' title='bbox 1495 3578 1633 3614; x_wconf 83' lang='lat' dir='ltr'>mum</span> <span class='ocrx_word' id='word_1_236' title='bbox 1657 3562 1817 3612; x_wconf 86' lang='lat' dir='ltr'>ictum</span> <span class='ocrx_word' id='word_1_237' title='bbox 1852 3561 2115 3625; x_wconf 78' lang='lat' dir='ltr'>omittens,</span> <span class='ocrx_word' id='word_1_238' title='bbox 2148 3560 2429 3610; x_wconf 75' lang='lat' dir='ltr'>celeritatis</span> <span class='ocrx_word' id='word_1_239' title='bbox 2452 3560 2553 3624; x_wconf 70' lang='lat' dir='ltr'>sig-</span> 
     </span>
     <span class='ocr_line' id='line_1_42' title="bbox 1495 3635 2551 3701; baseline -0.004 -12"><span class='ocrx_word' id='word_1_240' title='bbox 1495 3638 1769 3689; x_wconf 77' lang='lat' dir='ltr'>nificamlae</span> <span class='ocrx_word' id='word_1_241' title='bbox 1814 3650 1957 3701; x_wconf 70' lang='lat' dir='ltr'>ergo.</span> <span class='ocrx_word' id='word_1_242' title='bbox 2022 3636 2173 3699; x_wconf 71' lang='lat' dir='ltr'>Virg.</span> <span class='ocrx_word' id='word_1_243' title='bbox 2220 3635 2287 3684; x_wconf 84' lang='lat' dir='ltr'>de</span> <span class='ocrx_word' id='word_1_244' title='bbox 2321 3637 2551 3685; x_wconf 84' lang='lat' dir='ltr'>Mercur.</span> 
     </span>
     <span class='ocr_line' id='line_1_43' title="bbox 1496 3711 2550 3781; baseline -0.005 -15"><span class='ocrx_word' id='word_1_245' title='bbox 1496 3717 1708 3781; x_wconf 79' lang='lat' dir='ltr'>‘Lybiae</span> <span class='ocrx_word' id='word_1_246' title='bbox 1766 3714 1901 3765; x_wconf 80' lang='lat' dir='ltr'>citus</span> <span class='ocrx_word' id='word_1_247' title='bbox 1958 3714 2131 3763; x_wconf 72' lang='lat' dir='ltr'>astitit</span> <span class='ocrx_word' id='word_1_248' title='bbox 2194 3711 2332 3762; x_wconf 66' lang='lat' dir='ltr'>criel</span> <span class='ocrx_word' id='word_1_249' title='bbox 2415 3711 2550 3761; x_wconf 84' lang='lat' dir='ltr'>Vide</span> 
     </span>
     <span class='ocr_line' id='line_1_44' title="bbox 1495 3787 2206 3853; baseline -0.007 -13"><span class='ocrx_word' id='word_1_250' title='bbox 1495 3792 1813 3853; x_wconf 74' lang='lat' dir='ltr'>scaligerum</span> <span class='ocrx_word' id='word_1_251' title='bbox 1836 3787 1991 3838; x_wconf 66' lang='lat' dir='ltr'>Petit.</span> <span class='ocrx_word' id='word_1_252' title='bbox 2016 3802 2100 3837; x_wconf 81' lang='grc' dir='ltr'><strong>ιιι.</strong></span> <span class='ocrx_word' id='word_1_253' title='bbox 2123 3792 2206 3837; x_wconf 78' lang='grc'>77.</span> 
     </span>
    </p>

    <p class='ocr_par' dir='ltr' id='par_1_24' title="bbox 1493 3862 2552 4219">
     <span class='ocr_line' id='line_1_45' title="bbox 1558 3862 2551 3927; baseline -0.005 -11"><span class='ocrx_word' id='word_1_254' title='bbox 1558 3871 1657 3916; x_wconf 73' lang='grc'>399</span> <span class='ocrx_word' id='word_1_255' title='bbox 1692 3868 1760 3915; x_wconf 78' lang='lat' dir='ltr'>Et</span> <span class='ocrx_word' id='word_1_256' title='bbox 1792 3866 1977 3914; x_wconf 71' lang='lat' dir='ltr'>sterile·</span> <span class='ocrx_word' id='word_1_257' title='bbox 1998 3876 2219 3927; x_wconf 67' lang='lat' dir='ltr'>quassare</span> <span class='ocrx_word' id='word_1_258' title='bbox 2237 3862 2418 3925; x_wconf 68' lang='lat' dir='ltr'>minor]</span> <span class='ocrx_word' id='word_1_259' title='bbox 2464 3874 2551 3911; x_wconf 84' lang='lat' dir='ltr'>m.</span> 
     </span>
     <span class='ocr_line' id='line_1_46' title="bbox 1494 3936 2552 4002; baseline -0.004 -11"><span class='ocrx_word' id='word_1_260' title='bbox 1494 3943 1510 3971; x_wconf 85' lang='lat'>‘</span> <span class='ocrx_word' id='word_1_261' title='bbox 1532 3942 1601 3991; x_wconf 87' lang='lat' dir='ltr'>Et</span> <span class='ocrx_word' id='word_1_262' title='bbox 1624 3941 1827 3990; x_wconf 70' lang='lat' dir='ltr'>steriles</span> <span class='ocrx_word' id='word_1_263' title='bbox 1850 3939 2056 3990; x_wconf 69' lang='lat' dir='ltr'>rediisse</span> <span class='ocrx_word' id='word_1_264' title='bbox 2080 3936 2300 4002; x_wconf 59' lang='lat' dir='ltr'>preces?</span> <span class='ocrx_word' id='word_1_265' title='bbox 2365 3937 2552 3999; x_wconf 72' lang='lat' dir='ltr'>Papin-</span> 
     </span>
     <span class='ocr_line' id='line_1_47' title="bbox 1493 4012 2551 4080; baseline -0.007 -14"><span class='ocrx_word' id='word_1_266' title='bbox 1493 4031 1582 4067; x_wconf 80' lang='grc' dir='ltr'><strong>ιιι.</strong></span> <span class='ocrx_word' id='word_1_267' title='bbox 1626 4017 1767 4080; x_wconf 75' lang='lat' dir='ltr'>Sylv.</span> <span class='ocrx_word' id='word_1_268' title='bbox 1806 4015 1873 4065; x_wconf 81' lang='lat' dir='ltr'>de</span> <span class='ocrx_word' id='word_1_269' title='bbox 1900 4014 2225 4079; x_wconf 78' lang='lat' dir='ltr'>Hyacinthe:</span> <span class='ocrx_word' id='word_1_270' title='bbox 2257 4012 2273 4040; x_wconf 85' lang='lat'>‘</span> <span class='ocrx_word' id='word_1_271' title='bbox 2294 4026 2551 4076; x_wconf 78' lang='lat' dir='ltr'>quemquo</span> 
     </span>
     <span class='ocr_line' id='line_1_48' title="bbox 1493 4086 2551 4153; baseline -0.006 -13"><span class='ocrx_word' id='word_1_272' title='bbox 1493 4092 1645 4141; x_wconf 82' lang='lat' dir='ltr'>irrita</span> <span class='ocrx_word' id='word_1_273' title='bbox 1675 4090 1835 4141; x_wconf 73' lang='lat' dir='ltr'>fontis</span> <span class='ocrx_word' id='word_1_274' title='bbox 1874 4091 2061 4153; x_wconf 75' lang='lat' dir='ltr'>imago,</span> <span class='ocrx_word' id='word_1_275' title='bbox 2095 4089 2168 4139; x_wconf 84' lang='lat' dir='ltr'>Et</span> <span class='ocrx_word' id='word_1_276' title='bbox 2203 4086 2393 4137; x_wconf 74' lang='lat' dir='ltr'>sterilis</span> <span class='ocrx_word' id='word_1_277' title='bbox 2432 4097 2551 4135; x_wconf 82' lang='lat' dir='ltr'>con-</span> 
     </span>
     <span class='ocr_line' id='line_1_49' title="bbox 1495 4166 1877 4219; baseline -0.018 0"><span class='ocrx_word' id='word_1_278' title='bbox 1495 4170 1677 4219; x_wconf 70' lang='lat' dir='ltr'>sumsit</span> <span class='ocrx_word' id='word_1_279' title='bbox 1698 4166 1877 4218; x_wconf 66' lang='lat' dir='ltr'>amor!</span> 
     </span>
    </p>
   </div>
  </div>
 </body>
</html>
