3173 4957
575 357 710 424 360
1397 366 1500 417 An
1551 364 1974 416 Lto'ronssu.

581 535 722 593 ora,
739 529 944 598 quam
961 513 1285 597 pessima:
1314 512 1526 576 multa
1551 511 1831 594 egregie,
1854 511 2071 576 multa
2088 510 2431 588 concinne,
2448 512 2765 591 suaviter,

581 622 810 681 ornate
859 615 1060 694 dixit,
1120 633 1270 697 quae
1329 631 1372 676 a
1421 612 1607 676 nullo
1654 613 1893 676 melius
1936 613 2071 678 dici
2116 622 2441 697 possunt:
2490 615 2769 697 anquire

582 726 868 802 quatuor
894 716 1048 781 illas
1077 715 1312 780 Poetae
1339 715 1640 792 virtutes,
1688 731 1987 790 nervum,
2023 734 2384 794 numerum,
2416 715 2770 780 candorem

581 825 652 886 et
680 823 1114 896 venustatem,
1133 816 1434 884 invenies
1454 813 1518 878 τὸ
1537 814 1798 896 ἐμμελὲς,
1824 814 1922 878 καὶ
1944 815 2137 902 ὑγςὸν,
2162 817 2259 878 καὶ
2280 812 2765 897 μεμουσωμένον.ῑ

583 919 870 985 Ovidius
897 919 1113 984 dicere
1151 918 1385 982 solitus
1409 922 1536 995 est,
1569 916 2023 982 decentiorem
2055 937 2208 982 esse
2234 917 2505 994 faciem,
2536 917 2607 982 in
2636 937 2777 1000 qua

581 1021 825 1105 aliquis
845 1040 1132 1086 naevus:
1164 1019 1248 1084 de
1271 1018 1532 1084 Nostro
1562 1035 1787 1082 verum
1820 1026 2010 1103 puto,
2041 1020 2315 1103 quinon
2347 1019 2571 1084 omnia
2587 1020 2773 1090 linea

585 1123 741 1214 alba
777 1121 1106 1204 signavit:
1137 1119 1256 1185 sed
1287 1119 1500 1203 poeta
1524 1124 1739 1184 tuetur
1768 1139 1841 1183 se
1874 1119 2165 1203 judicio,
2196 1119 2471 1185 cuilibet
2493 1120 2601 1184 sui
2626 1121 2773 1204 pla-

581 1231 692 1289 cet
718 1221 883 1290 Idea
915 1222 1183 1305 ingenii,
1211 1229 1282 1286 et
1308 1221 1457 1305 quis
1488 1220 1811 1286 Caecilius
1842 1240 2181 1305 nunquam
2210 1221 2527 1286 caecutit?
2604 1221 2775 1300 Qui-

582 1324 738 1389 dam
755 1326 924 1389 bene
943 1323 1121 1408 apud
1139 1322 1562 1399 Athenaeum,
1592 1337 1725 1386 xv.
1740 1323 1894 1388 671.
1924 1325 1985 1388 οὐ
2011 1325 2129 1408 γὰρ
2151 1319 2269 1408 ἐγώ
2289 1323 2395 1396 τὰς
2416 1324 2481 1384 ἐκ
2498 1327 2607 1384 τῶν
2635 1323 2774 1402 βιβ-

583 1422 719 1488 λίων
744 1422 1013 1503 ἀκάνθας,
1035 1421 1220 1509 ὥσπερ
1249 1423 1345 1502 σὺ,
1369 1421 1773 1509 ἀναγινώσκων
1796 1422 2217 1510 ἔκλᾶγω,οἰλλοὶ
2244 1428 2323 1486 τοὶ
2337 1421 2772 1512 χρησιμώτατα

583 1527 683 1590 καὶ
711 1529 881 1602 ἀκοῆς
909 1522 1070 1602 ἄξια.
1186 1527 1296 1592 De
1339 1545 1488 1590 mea
1523 1532 1603 1591 ut
1648 1526 1869 1592 dicam
1915 1546 2143 1611 opera,
2188 1526 2391 1592 facile
2430 1526 2773 1591 assuaderi

571 1627 746 1694 ‚mihi
777 1647 1022 1711 passus
1045 1645 1218 1706 sum,
1240 1633 1318 1691 ut
1347 1635 1764 1692 senectutem
1796 1635 1872 1692 et
1897 1630 2205 1694 tenebras
2222 1625 2507 1693 Auctori
2536 1629 2776 1693 amoli-

584 1749 714 1807 rer,
731 1735 800 1794 et
823 1729 1114 1812 priorum
1135 1729 1498 1794 editionum
1518 1734 1736 1794 errata
1763 1729 2159 1807 februar-em,
2182 1730 2567 1813 saepiusque
2592 1728 2773 1793 Nos-

585 1835 688 1895 tro
733 1830 986 1912 saepius
1019 1830 1175 1894 aliis
1219 1847 1485 1896 cereum
1529 1828 1913 1907 allucendo,
1948 1830 2254 1896 miscella
2294 1831 2466 1908 haec,
2512 1836 2589 1894 ut
2632 1831 2775 1912 pal-

580 1931 744 2000 lium
775 1931 1260 2013 Babylonicum
1288 1935 1602 1994 texerem.
1694 1927 2063 2011 Agathonis
2108 1929 2276 1996 illud
2312 1931 2603 2013 cogitavi
2636 1949 2772 1995 rne-

614 2049 782 2098 cum:
1249 2091 1256 2098 .

762 2131 836 2194 Τὸ
865 2131 969 2211 μὲν
999 2130 1279 2219 πίιςεργον
1307 2127 1471 2216 ἔργον
1491 2127 1568 2204 ὣς
1592 2128 1913 2211 ποιούμεθα,

761 2229 838 2294 Ta
865 2234 910 2296 δ’
941 2230 1101 2318 ἔργον
1129 2234 1203 2306 ὥς
1225 2232 1505 2318 πάρεργον
1535 2230 1931 2310 ἐκπονούμεθα.
2024 2229 2254 2296 Athen.
2286 2253 2351 2298 v.
2384 2233 2537 2300 185.

673 2331 916 2417 Neque
965 2341 1188 2399 tamen
1231 2335 1464 2417 ignoro
1501 2329 1963 2417 εἰκαιοψέγοντας
1996 2333 2287 2417 aliquoS,
2318 2342 2396 2400 ut
2426 2356 2588 2402 suos
2608 2357 2776 2404 erro-

585 2453 694 2499 res
721 2433 1006 2501 aliorum
1037 2436 1544 2521 reprehensione
1598 2440 1840 2519 tegant,
1890 2435 2115 2501 locum
2154 2437 2603 2522 scalpuriendi
2648 2459 2776 2507 sua

586 2537 814 2603 scabie
845 2539 1272 2623 quaesiturOS,
1299 2535 1647 2623 πανοσπρίαν
1690 2542 1789 2601 τοῦ
1826 2535 2001 2621 λόγου
2030 2538 2435 2621 ἐξοστρακῖζειν
2464 2561 2776 2610 ausuros,

585 2638 883 2709 maxime
927 2640 1104 2718 illos»,
1153 2642 1272 2725 qui
1325 2650 1457 2707 tam
1496 2640 1643 2723 apti
1670 2651 1831 2703 sunt
1856 2639 1942 2703 ad
1971 2640 2117 2705 haec
2150 2642 2396 2721 studia,
2426 2664 2627 2725 quam
2656 2662 2775 2707 sus

587 2739 676 2803 ad
735 2757 932 2806 sacra
976 2741 1282 2807 Veneris.
1387 2741 1526 2806 Sed
1575 2742 1836 2807 illorum
1883 2740 2275 2824 λογοὸιάῤῥοια
2314 2741 2775 2809 Claudianum

587 2840 751 2905 mihi
791 2842 916 2907 erit
943 2843 1216 2921 tonitru,
1265 2848 1333 2907 et
1376 2843 1543 2908 folia
1581 2842 1841 2906 farferi:
1884 2861 2034 2906 cum
2062 2838 2317 2904 Catone
2344 2842 2579 2926 itaque
2608 2845 2776 2910 istos

587 2939 1105 3024 Vitilitigatores
1148 2944 1595 3026 praeterfluere
1646 2943 1883 3021 sinam,
1934 2941 2205 3023 illisque
2257 2942 2526 3027 Cypriae
2577 2946 2776 3009 bovis

585 3042 974 3111 merendam
1003 3044 1286 3109 delicias
1317 3066 1480 3111 suas
1507 3046 1895 3129 relinquam.
2010 3042 2364 3109 calumnia
2392 3046 2497 3109 vel
2523 3046 2777 3113 invidia

589 3142 842 3226 siquid
869 3163 987 3227 per
1013 3146 1464 3229 aegrimoniam
1505 3144 2090 3223 consomniaverit,

680 3246 803 3311 Οὔκ
827 3243 1048 3332 ἀλέγω,
1091 3250 1165 3323 ὥς
1205 3246 1258 3311 εἴ
1275 3273 1352 3331 με
1388 3251 1528 3335 γονὴ
1563 3246 1760 3327 βάλοι,
1789 3246 1821 3323 ἢ
1849 3247 1984 3321 πάϊς
2012 3248 2241 3333 dogm:
2286 3250 2419 3314 illis
2448 3248 2623 3314 enim
2654 3249 2776 3317 imf-

557 3420 564 3425 ,
589 3348 852 3424 morari,
881 3355 986 3413 est
1007 3349 1444 3423 Claudianum
1471 3352 1655 3418 istud
1678 3351 1943 3413 morari.

677 3446 994 3514 Fructum
1045 3452 1297 3519 laboris
1333 3453 1645 3537 quaesivi,
1686 3459 1762 3515 ut
1802 3449 2133 3532 placerem
2178 3448 2598 3517 melioribus:
2638 3453 2779 3515 ἀνοι-

589 3547 856 3632 pcipi-nra
884 3572 1033 3618 mea
1062 3574 1402 3637 nunquam
1433 3553 1701 3638 putavi:
1733 3551 2019 3635 primum
2048 3551 2352 3615 'scientiae
2382 3552 2777 3617 vestibulum

589 3656 840 3731 statuo,
871 3656 1044 3721 scire
1068 3654 1253 3738 quod
1272 3655 1560 3719 nescias.
1612 3652 2123 3737 Reliquaturum
2154 3653 2417 3717 interim
2447 3673 2554 3717 me
2576 3673 2777 3737 spon-

587 3749 737 3831 deo,
766 3760 832 3819 et
859 3755 1077 3837 plura,
1107 3756 1168 3817 si
1191 3754 1406 3821 Dssus
1430 3762 1666 3820 votum
1686 3774 1910 3819 meum
1920 3755 2195 3838 juverit,
2216 3754 2545 3819 daturum.
2594 3755 2776 3846 Bene

593 3850 774 3931 vale,
802 3860 867 3921 et
896 3856 1247 3923 conatibus
1275 3856 1446 3925 fave.

1842 3988 2162 4054 smum
2213 3990 2685 4053 Damnum&

1329 4182 1354 4217 ⁸
1388 4172 1584 4224 Seneca
1605 4186 1668 4225 n.
1690 4178 1923 4226 controv.
1947 4176 2024 4221 ιο.
