3173 4957
997 372 1095 420 DE
1142 371 1381 419 nmmo
1428 370 1774 420 TROJANo
1821 373 1968 422 11113.
2017 376 2120 424 lv.

1752 438 1791 479 υ

553 518 877 582 Protinus
906 515 1121 581 effuso
1150 536 1272 599 per
1300 520 1545 593 eastra,
1574 535 1692 599 per
1709 456 1913 594 αηᾸα,
1933 511 2243 597 tumultu,

468 620 795 684 Littoreas
824 618 1226 701 populantur
1254 636 1443 700 opeS,
1474 623 1545 680 et
1572 619 1888 699 proxima
1917 624 2122 701 ponto

470 720 729 785 Moenia
759 720 1089 783 Dardanii
1118 720 1313 782 titulo
1342 718 1517 781 male
1547 724 1695 783 tuta
1725 721 2014 803 tyranni.

464 821 759 884 Tandem
792 820 1105 884 comestis
1139 818 1408 901 spoliis,
1434 827 1500 882 et
1526 820 1736 885 divite
1767 822 2026 902 praeda,

466 920 886 984 consumunt
912 922 1149 1003 inopes
1178 919 1449 983 flamma
1478 920 1749 985 victrice
1779 921 2104 1001 Penates,

468 1022 573 1084 Ac
604 1023 853 1087 classes
878 1028 1204 1104 repetunt,
1236 1028 1307 1085 et
1334 1041 1511 1104 quas
1530 1022 1746 1086 fecere
1772 1020 2046 1087 favillas

468 1122 673 1187 lllabi
703 1125 939 1188 mediis
964 1124 1253 1205 gaudent
1280 1144 1399 1206 per
1428 1125 1682 1188 coerula
1711 1125 1909 1189 velis.

549 1225 779 1290 Prima
805 1227 959 1289 tulit
984 1226 1291 1289 Tenedos
1319 1225 1660 1306 graviores
1691 1224 1923 1288 militis
1942 1225 2106 1303 irae,

466 1328 626 1392 Non
648 1328 832 1405 solas
862 1325 1183 1409 dequesta
1208 1327 1413 1403 faces,
1444 1344 1575 1389 non
1602 1333 1804 1409 rapta
1827 1328 2086 1391 metalli

466 1430 801 1505 Pondera,
834 1430 950 1493 sed
983 1448 1251 1512 prorsus
1279 1428 1486 1511 gladii
1514 1435 1869 1492 consumta
1893 1428 2112 1492 furore

464 1529 835 1612 Expirasse
856 1532 1079 1611 gemit,
1100 1530 1407 1613 jug-ulum
1438 1541 1600 1614 puer
1625 1529 1906 1603 ensibus
1937 1528 2134 1593 affert

461 1630 859 1709 Imberbem,
888 1632 1377 1715 tremulumque
1406 1650 1650 1709 senex,
1683 1639 1756 1695 et
1782 1637 1930 1715 tyro
1953 1638 2334 1697 comantem
2361 1652 2378 1697 ε

464 1731 605 1795 Hic
634 1720 919 1797 duci‘bus
946 1725 1223 1815 strepitu
1252 1732 1441 1796 se'det
1466 1739 1824 1813 expectare
1855 1732 2128 1813 sepulto

464 1833 667 1897 Iliaci
691 1852 1011 1914 responsa
1040 1832 1253 1895 ducis.
1322 1832 1742 1914 Calydonius
1768 1832 1962 1895 heros

463 1934 753 1997 Decreto
782 1952 1119 2015 procerum
1154 1932 1343 1996 socio
1377 1931 1640 2014 legatus
1672 1932 1922 2015 Ulysse

2523 1934 2656 1999 350

466 2034 833 2115 Deligitur:
878 2035 994 2118 qui
1024 2035 1207 2098 dicta
1230 2034 1417 2113 ferat,
1447 2034 1567 2116 qui
1599 2052 1771 2115 pace
1801 2038 2146 2116 sequestra

367 2140 373 2145 ’
465 2134 607 2199 Res
649 2134 970 2211 Danaum,
1004 2136 1269 2218 Spartae
1300 2136 1618 2217 spolium,
1649 2138 2045 2218 raptamque
2072 2142 2399 2218 reposcat.

546 2234 813 2299 Interea
842 2236 1175 2300 AEaciden
1202 2238 1708 2301 stimulantibus
1735 2236 1994 2301 excitat
2021 2238 2210 2301 ausis
2468 2217 2488 2231 ”

462 2334 837 2417 Impatiens
864 2336 1178 2418 languere
1210 2338 1499 2415 animus,
1524 2338 1712 2401 furor
1741 2338 1978 2403 intima
2006 2338 2231 2419 pulsat

464 2434 774 2515 Martiae,
802 2442 869 2502 et
894 2436 1179 2502 residem
1206 2456 1391 2502 mens
1421 2440 1638 2521 arguit
1665 2438 1870 2502 effera
1897 2438 2221 2502 dextram.

2529 2436 2660 2502 355

465 2534 773 2600 Consorti
802 2539 1027 2602 studio
1058 2539 1299 2631 similis
1326 2540 1669 2621 praeconia
1683 2539 1884 2603 famae

460 2633 804 2722 Telephus
838 2639 1182 2715 affectans,
1204 2639 1263 2704 it
1290 2647 1537 2703 cuncto
1566 2640 1808 2705 robore
1841 2639 2110 2704 Moesos

532 2892 630 2936 339
666 2889 918 2950 Congestis
954 2893 1190 2941 Dresem.

1711 2808 1739 2827 0

1444 3043 1664 3093 NOTAE

464 3137 693 3188 referunt
737 3138 923 3201 poetae.
959 3139 975 3166 ‘
999 3139 1235 3188 Urebant
1278 3146 1522 3188 montena
1603 3138 1966 3188 contradicere
1984 3137 2174 3188 lib-m.
2194 3133 2553 3198 descriptioni,
2577 3133 2664 3182 ubi

461 3213 643 3276 πίναξ
678 3215 869 3265 Lucan.
906 3229 983 3265 ιν.
1016 3216 1035 3244 ‘
1058 3223 1115 3265 et
1153 3214 1295 3264 canis
1334 3213 1522 3263 urebat
1601 3213 1618 3242 ‘
1641 3213 1858 3262 Helaea'
1879 3227 2066 3262 nomeu
2089 3213 2250 3272 urbis,
2274 3226 2348 3260 vs.
2371 3213 2488 3259 221.

460 3290 605 3340 Luna
640 3290 875 3354 pruinis,'
895 3292 1015 3340 Vel.
1039 3291 1256 3341 Flaccus
1284 3303 1349 3340 ιι.
1381 3289 1519 3338 Vide

462 3367 812 3430 Donaqueium
846 3366 911 3415 nd
936 3367 1183 3415 Builium
1220 3365 1521 3415 seleucien-

462 3455 606 3501 seon
634 3441 1073 3503 Jungermennum
1108 3442 1172 3490 ad
1198 3441 1363 3504 Longi
1387 3439 1517 3489 Pas·

456 3517 663 3580 toralia,
686 3531 738 3579 p.
758 3520 871 3565 22³.
1462 3505 1469 3510 ⁶

526 3596 625 3642 344
660 3593 771 3640 Non
790 3599 929 3656 rapta
948 3595 1129 3644 metalli
1150 3595 1397 3657 Pondere]
1428 3593 1516 3642 AEs

460 3667 741 3717 Tenedium
754 3685 769 3716 ε
802 3671 819 3697 ‘
840 3671 1181 3730 scaptensula
1196 3668 1211 3690 ’
1232 3669 1371 3717 enim
1390 3667 1517 3716 inibi

458 3743 718 3809 plurimae,
744 3749 801 3790 ut
825 3743 1094 3792 Lucretius
1115 3745 1356 3808 loquitur.

525 3823 619 3868 351
660 3818 759 3873 Qui
788 3821 901 3879 pact
930 3819 1191 3881 sequestra]
1222 3819 1359 3868 Vide
1395 3819 1518 3868 Fes-

462 3903 569 3944 tum
592 3894 647 3942 in
668 3896 684 3923 ⁸
709 3893 1024 3955 Sequester!

458 3972 543 4020 eil.
560 3973 743 4033 p.61⁷.
759 3967 911 4032 Agel.
931 3979 1028 4018 xx.
1047 3973 1128 4018 11.
1150 3968 1387 4025 Plautus,
1404 3975 1418 3996 ‘
1438 3983 1517 4017 se-

463 4054 672 4108 questre
716 4053 921 4108 tergum
942 4045 973 4093 ι’
1026 4043 1282 4093 Prudent.
1320 4043 1339 4072 ⁴
1360 4057 1516 4094 carue

466 4121 767 4184 sequestre!

531 4201 626 4246 352
659 4196 845 4260 Sparta
868 4195 1091 4259 spolium]
1121 4193 1383 4244 Videntur
1416 4193 1517 4244 ista

1072 3894 1385 3943 Palmerium
1406 3894 1521 3956 Spi-

1666 3292 1766 3336 856
1797 3287 2049 3334 Precom'a
2071 3287 2225 3344 sm
2259 3283 2489 3343 Telephus
2517 3280 2663 3342 affee-

1601 3363 1730 3426 tam]
1767 3360 1942 3424 Auges
1975 3367 2033 3408 et
2068 3358 2312 3408 Herculis
2347 3357 2518 3417 proles
2551 3368 2664 3403 cer-

1599 3439 1720 3487 vino
1761 3439 1899 3486 laete
1941 3433 2189 3488 enutrita,
2221 3429 2346 3488 θηλὴ
2387 3435 2446 3477 et
2489 3426 2667 3488 ἔλαφος

1596 3511 1842 3577 Apollod.
1869 3522 1932 3561 ιι.
1964 3517 2023 3559 et
2057 3522 2148 3556 ιιι.
2187 3505 2384 3568 Hygia.
2419 3503 2474 3550 iu
2511 3503 2667 3550 Tele-

1598 3591 1698 3653 pho
1718 3587 1825 3638 feb.
1847 3592 1932 3636 99.
1978 3587 2068 3634 De
2089 3583 2274 3645 clypeo
2293 3577 2517 3638 Telephi
2530 3574 2668 3637 apud

1597 3665 1970 3715 Philostratnm
2001 3659 2168 3710 multa
2198 3672 2250 3718 p.
2267 3659 2388 3703 663.
2420 3649 2670 3712 γελοιότα-

1595 3758 1687 3790 τον
1706 3742 1834 3790 illud
1853 3737 1990 3803 quod
2017 3749 2096 3783 vr.
2115 3747 2232 3793 cup.
2255 3729 2442 3778 ultimo
2463 3725 2669 3787 nit,Te-

1594 3817 1735 3882 lephi
1759 3816 1916 3880 Mysii
1939 3812 2159 3861 animam
2177 3808 2232 3855 in
2251 3805 2518 3852 rabiosum
2549 3813 2672 3863 pue-

1589 3908 1701 3941 rum
1721 3891 1998 3954 migrasse.
2063 3883 2200 3933 Vide
2235 3881 2396 3928 etiam
2423 3877 2491 3926 de
2514 3876 2671 3924 Tele·
2741 3917 2746 3920 .

1597 3970 1699 4032 pho
1723 3966 1924 4029 prolixe
1941 3958 2368 4020 Alcidamantem
2395 3951 2671 4000 Oratorem

1593 4044 1648 4092 in
1681 4039 2014 4092 accusatione
2045 4027 2352 4082 Palamedis
2385 4043 2440 4090 p.
2481 4027 2593 4075 184.
2620 4028 2676 4070 et

1593 4117 1908 4167 Strabonem
1927 4121 2056 4160 xm.
2075 4121 2127 4169 p.
2147 4107 2268 4152 428.
