3173 4957
635 409 768 475 596
910 419 1126 471 ⁸01·AE
1175 417 1576 467 vsmonum
1626 415 1706 462 tn

641 566 847 617 eundo!
939 564 1174 614 Suevius'·
1213 569 1362 610 vetus
1419 559 1588 608 Poeta
1646 572 1698 606 v.

641 642 658 669 ‘
679 641 941 696 Redeunt,
965 638 1198 688 referunt
1217 651 1420 687 rumore
1437 635 1605 699 petita
1624 649 1703 682 se-

641 715 848 766 eundo.'
913 716 982 763 Et
1005 715 1104 762 hoc
1128 712 1264 761 haud
1291 711 1444 760 dubie
1470 726 1500 759 a
1523 711 1701 758 favore

642 791 991 841 multitudinis
1014 788 1304 849 descendit,
1335 789 1552 836 obscuro
1575 801 1703 848 quo·

642 871 778 933 piam
805 882 1005 933 rumore
1023 866 1262 916 secundis
1280 865 1434 914 rebus
1453 863 1704 927 plauden-

646 948 712 995 tis
740 950 794 994 et
821 958 909 994 eas
932 943 1186 992 voventis.

693 1021 1074 1083 Vigiliarumque
1089 1018 1212 1067 vices
1225 1013 1536 1080 dispartiunt]
1555 1015 1570 1042 ⁸
1591 1013 1703 1062 Dis·

645 1099 844 1163 partire
860 1098 874 1119 ⁹
898 1102 1049 1145 sonat
1067 1094 1316 1143 dividere.

710 1176 738 1237 ξ
764 1178 826 1222 17
859 1172 1186 1234 Agamemnon
1219 1185 1280 1218 ea:
1312 1167 1532 1233 Mycenis
1563 1179 1707 1215 naves

643 1248 853 1310 eentum]
887 1246 1026 1295 Illud
1067 1245 1344 1294 observare
1381 1243 1526 1290 velut
1561 1239 1702 1288 aliud

645 1330 884 1388 agentem
913 1323 1058 1378 licet,
1083 1335 1258 1384 parum
1286 1320 1336 1368 in
1359 1319 1597 1380 catalogo
1620 1331 1709 1364 na·

643 1403 781 1452 vium
817 1400 1118 1450 Graecarum
1157 1397 1221 1446 ad
1261 1394 1704 1459 oppugnationem

646 1477 734 1526 Ilii
751 1476 1089 1526 coilectarum
1109 1472 1381 1522 dissentire
1397 1469 1705 1532 Septimium

645 1553 782 1602 hunc
807 1566 836 1600 a
858 1550 1036 1600 libello
1059 1549 1226 1598 veteri
1259 1548 1344 1611 qni
1379 1545 1591 1594 Daretis
1620 1560 1707 1594 no-

647 1627 786 1676 mine
809 1625 1131 1679 inscribitur,
1155 1629 1210 1673 et
1242 1622 1406 1670 multa
1438 1636 1468 1669 a
1505 1620 1705 1670 Graecis

648 1701 1034 1752 recensionibus
1057 1700 1310 1749 universae
1335 1697 1581 1760 Trojanae
1605 1696 1706 1744 his-

649 1779 800 1828 toriae
858 1777 1139 1838 discrepat.
1229 1772 1513 1836 Septimius
1569 1771 1705 1819 enim

587 1887 595 1895 -
648 1859 828 1903 noster
861 1865 1126 1901 numerum
1160 1853 1306 1899 1117.
1349 1848 1552 1896 navium
1591 1861 1707 1908 pro·

649 1926 816 1990 ducit,
841 1928 1006 1975 Dares
1039 1933 1212 1974 antem
1247 1927 1390 1972 1148.
1421 1930 1711 1980 enumerat,

649 2008 709 2052 ut
731 2001 1065 2050 diversissimi
1103 2006 1340 2049 auctores
1371 1999 1458 2047 vix
1495 1998 1711 2062 triginta

649 2078 776 2142 ipsis
798 2077 1014 2126 navibus
1037 2076 1354 2138 discrepent.

717 2156 746 2216 ᾖ
777 2156 839 2202 19
890 2153 1102 2202 Prorsus
1141 2150 1299 2199 nullus
1336 2149 1510 2208 finem·
1548 2151 1712 2198 modus

651 2243 798 2292 neque
817 2226 1026 2290 requies]
1059 2227 1076 2254 ‘
1102 2225 1314 2286 Funus,’
1342 2225 1713 2288 pestilentiam,

651 2303 1014 2363 contagionem
1057 2301 1164 2348 sive
1213 2299 1508 2362 contagium
1561 2304 1712 2347 notat

650 2377 874 2428 Auctori
899 2382 1096 2425 nostro.
1163 2376 1320 2424 Velut
1349 2382 1364 2404 ‘
1383 2373 1589 2423 Funns’
1620 2375 1710 2422 ali-

652 2451 792 2519 quod
841 2465 1024 2501 numen
1065 2449 1330 2502 funestum
1393 2456 1447 2500 et
1491 2450 1710 2500 saeviens

653 2529 996 2580 cadaveribus
1019 2526 1270 2577 faciendis
1293 2528 1569 2576 diceretur.
1613 2527 1712 2575 Pa-

654 2606 787 2655 riter
847 2612 1020 2653 antem
1065 2605 1080 2631 ‘
1118 2602 1424 2652 Libitinam'
1472 2618 1566 2666 pro
1620 2602 1712 2652 tali

655 2682 830 2745 aliquo
863 2680 1099 2729 daemone
1134 2679 1328 2743 accipit
1363 2681 1557 2744 aliquot
1581 2680 1711 2729 locis

651 2756 926 2807 Horatius.

721 2832 902 2879 Mulier
944 2832 1154 2893 quedam
1197 2831 1304 2879 Deo
1349 2833 1490 2892 plena
1533 2830 1712 2879 Dianoe

619 2907 780 2959 ‘iram
814 2906 982 2967 fatur]
1036 2906 1334 2954 Notandum
1391 2906 1466 2953 liis
1521 2905 1713 2965 verbis,

651 2983 667 3010 ‘
697 2983 820 3029 Fari
837 2981 850 3003 ’
875 2980 1230 3043 propheticum
1262 2996 1376 3029 esse
1399 2982 1634 3040 verbum,
1656 2989 1712 3031 et

657 3056 864 3105 edicere
903 3070 934 3103 a
969 3056 1177 3105 numine
1219 3056 1522 3109 instinctum
1554 3058 1711 3107 deno·

655 3138 792 3180 tare.
869 3131 885 3157 ‘
926 3130 1088 3179 Fata’
1132 3131 1268 3179 enim
1323 3140 1446 3181 sunt
1488 3135 1713 3183 oracula.

657 3206 855 3257 Lucan.
902 3218 980 3255 tx.
1062 3208 1378 3258 Pharsaliae:
1435 3210 1450 3238 ‘
1489 3210 1713 3259 Stabant

658 3287 779 3331 ante
801 3278 940 3329 fores
975 3282 1152 3344 populi
1187 3298 1312 3345 quos
1346 3284 1560 3334 miserat
1585 3286 1711 3347 Eos,

657 3357 1032 3423 Cornigerique
1055 3358 1202 3409 Jovis
1229 3360 1425 3409 monitu
1447 3374 1580 3409 nova
1602 3360 1713 3410 fata

657 3434 944 3498 petebant-⁹
1009 3433 1026 3461 ‘
1049 3434 1214 3483 Plena
1236 3435 1381 3483 Deo’
1413 3437 1711 3486 instinctam

656 3520 827 3568 notat,
843 3518 900 3560 ut
919 3513 1024 3561 ιν.
1056 3510 1334 3573 Septimius
1351 3511 1488 3561 idem
1505 3519 1707 3562 noster:

657 3590 674 3617 ‘
701 3590 838 3636 inter
883 3602 998 3651 qnae
1039 3593 1140 3636 tam
1181 3588 1385 3637 solicita
1420 3589 1713 3639 Cassandra

659 3664 773 3713 Deo
813 3662 967 3725 plena
994 3661 1225 3710 victimas
1261 3662 1326 3710 ad
1363 3662 1606 3712 Hectoris
1629 3672 1709 3712 tn-

657 3739 851 3787 mulum
893 3735 1164 3787 transferri
1205 3736 1482 3801 inferrique
1523 3739 1711 3801 jubet.’

658 3813 970 3876 Calpurnius
993 3812 1106 3859 Ecl.
1132 3824 1171 3859 ι.
1203 3814 1218 3840 ‘
1235 3812 1549 3862 Jamdudum
1565 3815 1711 3864 velut

657 3888 774 3952 ipso
818 3887 1025 3939 numine
1071 3888 1276 3949 plenum
1313 3887 1403 3935 Me
1447 3890 1619 3951 quatit
1656 3898 1711 3939 et

655 3963 860 4012 mistus.
892 3962 1029 4011 subit
1081 3962 1218 4012 inter
1277 3962 1464 4025 gandia
1509 3966 1713 4013 terror.'

660 4037 815 4087 Quod
840 4052 1001 4101 genus
1025 4036 1269 4101 loquendi
1296 4038 1454 4087 irrisit
1475 4040 1597 4089 olim
1619 4041 1708 4089 Se-

657 4126 792 4161 neca
834 4120 987 4174 pater
1025 4114 1077 4161 in
1119 4114 1290 4162 nescio
1314 4128 1424 4177 quo
1459 4115 1710 4165 declama-

660 4194 795 4241 tore.
817 4200 918 4235 non
951 4186 1185 4236 facturus
1219 4188 1262 4235 si
1301 4202 1359 4237 ea
1394 4202 1710 4251 cognoscere

658 4261 929 4325 potuisset,
941 4276 1157 4325 qussvnos
1177 4262 1366 4313 docent
1381 4278 1546 4315 sacrae
1567 4268 1708 4317 litte-

1760 413 1987 462 ch'rY
2003 415 2051 460 M
2100 412 2576 462 GRETENSBM.

1776 571 1867 612 τω,
1891 563 1945 605 et
1967 571 2033 604 ex
2058 555 2119 605 iis
2142 556 2399 620 Didymus
2420 557 2456 604 l.
2475 570 2515 605 1.
2548 555 2615 605 de
2636 554 2843 618 Spiritu

1774 633 1985 682 Sancto.
2067 631 2275 681 Pariter
2322 631 2581 680 Arnobius
2625 645 2682 680 v.
2730 632 2763 660 ‘·
2781 637 2846 680 ut

1778 723 1865 756 vos
1888 709 2067 770 plenos
2103 709 2207 757 Dei
2246 708 2453 756 numine
2484 723 2545 756 ac
2572 712 2842 769 potestate

1776 783 2067 832 censeatis.'
2148 785 2219 832 Et
2258 783 2432 834 Julius
2476 783 2727 832 Firmicus
2776 782 2841 832 de

1776 860 2037 908 erroribus
2092 857 2421 922 profanarum
2487 859 2841 920 Religionum.

1774 939 1943 988 Vetus
1965 937 2265 1000 inscriptio:
2292 939 2307 963 ‘
2332 936 2604 996 Templum
2628 937 2683 983 in
2708 949 2842 996 rupe

1776 1014 1910 1076 Tagi
1962 1013 2162 1076 superis
2218 1019 2273 1062 et
2328 1012 2539 1060 Caesare
2589 1009 2841 1073 plenum!

1778 1089 1795 1116 ‘
1816 1091 2057 1138 Saturum
2082 1095 2137 1138 et
2162 1093 2399 1150 potatum
2414 1086 2429 1108 ’
2452 1093 2692 1135 torrente
2710 1085 2840 1134 deli·

1778 1166 1972 1214 ciarum
2021 1165 2117 1213 Dei
2164 1163 2297 1212 dixit
2339 1163 2527 1212 Victor
2571 1162 2841 1210 Uticensis

1778 1241 1880 1290 tine
1905 1243 1937 1289 l.
1954 1255 1992 1290 ι.
2016 1241 2082 1291 de
2105 1240 2482 1289 Persecutione
2501 1240 2811 1300 Vandalicas

1848 1317 1926 1366 Ne
1964 1321 2099 1365 tanta
2136 1316 2212 1364 vis
2248 1314 2485 1364 exercitus
2520 1316 2622 1363 sine
2658 1319 2843 1363 rectore

1778 1392 1979 1456 effusius
1998 1409 2055 1442 uc
2074 1393 2177 1441 sine
2198 1405 2324 1441 more
2343 1391 2535 1440 militia
2554 1392 2842 1454 vagaretur]

1780 1471 1795 1496 ‘
1820 1468 1969 1518 Mos’
2015 1469 2149 1517 idem
2192 1475 2274 1517 est
2312 1467 2453 1532 quod
2496 1469 2604 1527 lex,
2648 1466 2843 1516 effectu

1780 1544 2005 1607 quidem,
2037 1544 2163 1594 licet
2182 1559 2283 1593 uon
2308 1543 2537 1605 origine;
2572 1557 2683 1590 mos
2705 1543 2841 1592 enim

1781 1621 1946 1668 oritur
1978 1635 2043 1669 ex
2077 1619 2471 1680 consuetudine,
2504 1619 2590 1668 lex
2621 1633 2747 1668 vero
2774 1633 2841 1668 ex

1783 1697 2078 1745 sanctione:
2114 1697 2405 1760 promiscue
2429 1703 2597 1744 tamen
2625 1709 2839 1758 usurpa-

1782 1779 1885 1832 tur,
1909 1777 1968 1821 ut
1990 1787 2020 1820 a
2040 1772 2293 1834 Septimio
2314 1778 2507 1820 nostro.

1850 1848 1885 1895 I
1883 1852 1932 1896 ta
1951 1863 2035 1909 per
2054 1848 2360 1909 aquationem
2376 1846 2560 1895 numeri
2579 1851 2721 1908 utque
2736 1863 2841 1910 pnr-

1784 1922 1907 1971 tiam
1946 1923 2323 1985 quadripartitus·
2359 1921 2619 1983 exercitus]
2652 1923 2670 1950 ‘
2700 1923 2839 1972 Qua-

1786 1998 2081 2060 dripartiri'
2122 2005 2202 2047 est
2232 1998 2284 2046 iu
2318 2005 2540 2060 quatuor
2565 2005 2743 2058 partes
2766 1999 2840 2046 di·

1783 2075 1979 2123 videre.
2026 2075 2245 2136 AEquum
2263 2080 2435 2122 autem
2454 2074 2839 2136 quaternarium

1784 2155 2051 2200 nnmerum
2075 2151 2207 2199 dicit
2224 2151 2294 2200 ob
2311 2147 2685 2212 perfectionem
2707 2151 2841 2210 cubi,

1785 2227 1851 2276 de
1876 2243 1977 2290 quo
2008 2227 2215 2276 consule
2240 2225 2565 2274 Macrobium
2597 2231 2653 2274 et
2677 2227 2839 2274 Favo-

1784 2304 1920 2350 nium
1959 2303 2010 2350 in
2050 2302 2299 2351 somnium
2336 2299 2615 2363 Scipionis,
2656 2303 2839 2364 Capel-

1784 2380 1885 2428 lam
1904 2384 1957 2428 et
1975 2379 2225 2428 Isidorum
2246 2379 2296 2426 in
2314 2377 2671 2426 Aritbmcticis
2686 2377 2843 2428 Trae-

1789 2454 2085 2504 tationibns.

1852 2532 1879 2593 ς
1902 2534 1965 2579 20
2000 2532 2165 2592 Neque
2184 2529 2379 2579 interim
2399 2531 2521 2579 nllus
2536 2530 2666 2595 finis
2690 2531 2841 2579 nasti-

1785 2604 1924 2667 tans]
1946 2608 1961 2634 ‘
1982 2605 2217 2653 Vestitus
2234 2604 2247 2626 ’
2270 2612 2349 2653 est
2372 2605 2692 2667 pestilentia.
2747 2608 2842 2655 A-r·

1786 2682 1968 2730 nobius
1993 2681 2092 2730 fine
2122 2683 2157 2729 l.
2180 2696 2261 2730 lv.
2295 2682 2310 2708 ‘
2331 2682 2471 2730 Deos
2496 2697 2637 2745 saepe
2670 2683 2841 2733 dicitis

1786 2765 2003 2820 propter
2014 2758 2331 2806 ceremonias
2346 2772 2447 2806 non
2464 2758 2563 2805 rite
2581 2756 2842 2820 perfectas

1786 2831 2095 2881 tremoribus
2135 2830 2457 2881 infremuisse
2494 2840 2770 2894 terrarum,
2793 2842 2843 2883 et

1786 2910 2088 2971 contagione
2110 2909 2422 2971 pestilentiae
2446 2910 2741 2972 corrupisse
2758 2926 2845 2958 an·

1788 2999 1869 3033 ras
1910 2992 2195 3046 temporum
2237 2986 2475 3033 luctuosa
2510 2999 2625 3033 cum
2664 2986 2843 3048 populi

1788 3059 2068 3109 vastitate!
2157 3060 2273 3107 Hoc
2318 3067 2399 3108 est
2444 3060 2745 3123 pestilentia
2786 3068 2841 3109 et

1786 3135 2097 3198 contagione
2170 3135 2460 3185 morborum
2522 3137 2585 3185 ab
2642 3137 2837 3187 infecto

1786 3224 1924 3259 aere.

1851 3288 1879 3349 ς
1897 3290 1957 3335 21
1988 3287 2143 3342 Quum
2163 3302 2265 3335 ecce
2282 3288 2592 3349 diesfoedari,
2608 3294 2656 3338 et
2676 3293 2841 3339 coelum

1784 3361 1943 3409 nubilo
1979 3363 2079 3422 tegi
2118 3362 2280 3427 coepit]
2314 3370 2328 3391 ⁸
2356 3364 2634 3413 Nubilum'
2658 3372 2740 3415 est
2764 3376 2839 3419 te-

1784 3436 2005 3485 nebrosa
2028 3444 2309 3499 tempestas
2337 3440 2467 3488 coelo
2488 3440 2721 3491 obducto
2744 3456 2837 3491 nu·

1787 3511 1957 3561 bibus.
2041 3514 2057 3541 ⁴
2084 3514 2471 3576 Praecipitatio'
2514 3514 2691 3565 imbris
2734 3519 2838 3566 ele·

1785 3593 1967 3650 gauter
2011 3602 2245 3651 magnam
2288 3589 2427 3642 illam
2467 3589 2667 3639 ruinam
2703 3593 2838 3649 coeli,

1784 3671 1842 3711 nt
1863 3664 2014 3712 Maro
2038 3665 2283 3728 loquitur,
2300 3664 2554 3729 designat.
2598 3667 2837 3717 Valerius

1784 3738 2020 3789 AEditnus
2054 3739 2120 3789 de
2152 3739 2356 3790 flamma
2378 3743 2563 3791 amoris
2586 3744 2639 3793 in
2670 3758 2729 3792 se
2760 3760 2838 3793 ar-

1785 3816 2114 3865 dentissima:
2161 3818 2179 3845 ‘
2214 3816 2378 3867 Istam
2422 3832 2539 3867 non·
2576 3820 2715 3883 potis
2756 3828 2837 3871 est

1786 3892 1860 3939 vis
1900 3906 2037 3939 saeva
2069 3891 2373 3955 extinguere
2402 3890 2640 3955 flammae,
2665 3894 2835 3960 Atque

1784 3967 1949 4015 imber
1970 3970 2102 4017 coelo
2126 3968 2347 4017 candida
2370 3971 2742 4033 praecipitans!

1847 4043 1978 4092 Dein
1999 4058 2171 4106 coepere
2192 4046 2323 4094 venti
2343 4050 2483 4107 atque
2493 4045 2709 4105 fulmina
2730 4064 2834 4097 con·

1783 4119 2036 4181 senescere]
2070 4120 2465 4181 Elegantissime
2506 4121 2639 4170 dicit
2674 4124 2691 4150 ‘
2716 4138 2832 4171 con-

1784 4208 2053 4244 senescere
2068 4196 2081 4216 ’
2118 4196 2218 4243 vim
2241 4202 2509 4245 ventorum
2527 4204 2589 4245 et
2612 4200 2833 4261 tempes-

1784 4276 1973 4335 tatum,
2006 4286 2099 4335 pro
2136 4272 2401 4323 remittere
2432 4272 2689 4337 labefieri,
2710 4274 2837 4338 defig
