3173 4957
538 364 667 431 512

538 524 628 589 Et
657 522 981 607 quicquid
998 521 1273 605 cupidis
1304 522 1493 587 Mars
1520 540 1669 600 usu,
1703 523 2032 587 Mulciber
2061 528 2221 601 arte,

1322 379 1600 431 JOSEPH
1679 380 1894 431 ison&
1909 381 1933 427 1

2591 524 2722 590 310

542 626 838 708 Ingessit
864 626 1045 701 fatis,
1077 624 1463 703 cumulant3
1508 625 1782 689 tortoris
1813 624 1995 688 Iberi

539 727 805 797 sactus,
827 727 1107 791 insidias
1134 724 1389 803 Parthi,
1414 726 1767 791 libramina
1796 726 1998 791 Daci.

542 822 691 903 Ille,
722 828 903 890 velut
932 826 1179 889 Siculis
1204 825 1555 907 insurgens
1582 831 1787 892 umbo
1811 827 2150 909 procelliS,

542 928 1007 1009 Instantesque
1038 927 1292 1009 premit,
1322 932 1519 1010 atque
1549 928 1685 991 iras
1713 927 1881 993 ridet
1909 928 2166 993 inanes.

545 1026 744 1091 Parte
776 1028 913 1092 alia
936 1028 1243 1092 Paridem
1275 1026 1604 1111 Phrygios
1631 1027 1702 1089 in
1729 1026 1910 1091 bella
1937 1035 2289 1092 vocantem

2593 1028 2728 1093 315

544 1129 832 1211 Infestat
851 1128 1199 1193 Menelaus
1228 1146 1451 1211 agens,
1479 1128 1846 1213 paucisque
1872 1127 2178 1211 profatus

545 1231 859 1313 Increpat
878 1251 895 1294 z

945 1229 1375 1312 Agnoscisne,
1401 1228 1701 1311 hospes?
1746 1229 2166 1291 reminiscere
2197 1227 2484 1291 tandem-

546 1330 913 1412 Spartanos
944 1330 1242 1394 coluisse
1268 1328 1517 1393 Lares:
1560 1327 1646 1391 ad
1674 1333 1906 1391 mutua
1932 1328 2087 1391 veni

546 1430 894 1512 Hospitia,
922 1429 1091 1493 heus
1120 1448 1266 1511 age,
1287 1428 1489 1493 redde
1518 1427 1726 1503 vices,
1757 1426 1888 1491 duc
1912 1428 2242 1509 Pergama
2272 1435 2492 1492 tecum

546 1530 627 1595 Si
654 1549 790 1613 qua
816 1530 992 1593 domi
1018 1530 1339 1613 rapienda
1365 1528 1532 1594 tibi.
1591 1547 1885 1611 quonam
1915 1547 2120 1611 usque
2149 1529 2475 1593 moraris?

547 1629 596 1694 J
600 1649 771 1711 unge
801 1649 1081 1695 manus.
1142 1650 1303 1694 num
1332 1636 1523 1713 terga
1548 1648 1752 1713 paras
1769 1631 1798 1691 ‘l
1842 1629 1954 1692 ille
1993 1636 2133 1693 arte
2163 1627 2509 1739 Cydonum
2564 1626 2571 1631 ’

2600 1526 2732 1594 320

552 1729 817 1808 Fretus,
848 1728 1069 1794 Icirea
1094 1729 1350 1795 delibat
1377 1730 1657 1813 cuspide
1687 1729 1970 1793 frontem

396 1804 401 1809 .
463 1858 467 1863 ·
551 1829 912 1914 PrincipiS,
942 1836 1139 1913 atque
1167 1831 1372 1910 addit,
1398 1831 1433 1895 I
1462 1850 1664 1909 nunc,
1693 1831 1946 1894 accedo
1977 1831 2247 1914 petitis=

553 1929 668 1995 Sic
697 1931 1029 1995 Helenam
1059 1933 1302 2009 visure,
1332 1933 1507 1997 veni.
1570 1930 1930 1995 Grudescit
1957 1931 2026 1995 in
2054 1932 2222 1997 iram

1468 2124 1842 2167 mm.

620 2258 717 2305 322
750 2254 916 2305 ltus-ea
945 2254 1180 2305 Dresem.
1232 2253 1370 2305 Vide
1392 2261 1501 2305 not.

1548 2414 1772 2467 NOTAE

558 2543 716 2580 unum
746 2527 937 2580 Omnia
969 2531 1077 2579 tela
1113 2529 1340 2596 vovent,’
1360 2532 1461 2581 διο.
1494 2545 1612 2596 qum

556 2604 687 2653 inibi
711 2605 889 2653 multa.

622 2683 717 2728 811
742 2679 953 2740 Ingessit
971 2677 1125 2741 satis]
1148 2681 1496 2730 Declarantur
1517 2693 1614 2744 per

558 2755 671 2815 illa,
686 2769 801 2818 quae
816 2755 907 2805 lib.
922 2770 962 2804 1.
977 2754 1045 2804 de
1058 2756 1269 2805 inventa
1282 2755 1612 2818 navigatione

556 2831 733 2878 multis
768 2831 939 2878 dicta:
974 2830 990 2857 ‘
1022 2829 1163 2879 ferat
1193 2830 1309 2893 ipsa
1341 2836 1614 2879 cruentum

560 2905 714 2956 Quod
754 2905 960 2967 peperit
1001 2903 1203 2965 fatum,'
1234 2919 1273 2953 ι.
1311 2909 1394 2954 92.
1428 2912 1485 2954 et
1521 2919 1614 2955 111.

560 2981 675 3026 155.
710 2981 810 3028 &c.
848 2978 1080 3040 inprimis
1111 2981 1290 3028 ι.-126.
1334 2979 1351 3007 ⁸
1375 2993 1499 3042 gens
1535 2979 1614 3028 in·

560 3052 677 3102 cola
696 3050 860 3100 fatum
882 3051 1010 3114 Ipsa
1030 3050 1196 3101 facit.'

624 3128 722 3174 312
754 3125 1031 3176 Libramina
1064 3129 1217 3191 Daci]
1248 3128 1387 3178 Vide
1425 3144 1464 3179 1.
1499 3135 1615 3181 298.

560 3199 855 3252 Manutium
905 3215 969 3249 ιι.
1016 3201 1145 3251 Crit.
1192 3203 1349 3252 Thes.
1412 3218 1463 3268 p.
1498 3209 1613 3256 304.

558 3274 819 3326 Alexand.
854 3275 919 3325 ab
941 3275 1197 3328 Alexand.
1218 3292 1320 3328 vn.
1364 3283 1446 3329 22.
1486 3280 1614 3332 inibi

558 3347 929 3413 Tiraquellum,
946 3360 1003 3401 et
1026 3351 1317 3402 Luctatium
1340 3355 1405 3404 ad
1420 3357 1612 3420 Papin-

560 3437 639 3473 ιν.
660 3423 824 3472 Theb.
867 3442 872 3449 ·

626 3502 724 3548 818
750 3500 859 3559 Ille,
876 3499 1002 3548 velut
1014 3498 1189 3549 Siculis
1206 3500 1457 3563 imi-gens
1476 3503 1612 3552 umbo

476 3571 484 3580 “
538 3573 549 3580 ”
554 3573 797 3636 procellis]
812 3573 1101 3624 Similitudo
1116 3573 1362 3639 frequens
1380 3579 1614 3628 maximis

562 3648 767 3712 Poetis,
804 3650 1054 3714 Homero,
1082 3651 1327 3714 Virgilio,
1361 3654 1610 3716 Papinio:

562 3723 703 3787 quod
725 3732 780 3775 et
802 3739 1017 3788 magnus
1048 3727 1249 3775 notavit
1280 3726 1513 3790 Scaliger
1535 3743 1614 3779 vr.

563 3799 756 3864 Papiri.
777 3801 1006 3851 breviter
1026 3801 1118 3850 sed
1134 3799 1449 3854 efficaciter:
1470 3806 1485 3833 ‘
1508 3806 1614 3854 vel·

562 3874 643 3923 uti
680 3877 799 3925 salit
828 3876 967 3926 unda
999 3875 1255 3926 minantes
1274 3877 1337 3926 In
1359 3881 1616 3943 scopulos,

564 3955 622 3998 et
652 3947 824 4001 fracta
861 3950 1015 4001 redit.
1018 3949 1034 3972 '
1101 3950 1285 4002 Cicero
1307 3955 1450 4016 prius
1473 3953 1618 4004 dixe·

563 4030 647 4073 rat
670 4025 723 4072 in
745 4027 912 4090 Epist.
928 4039 1008 4076 lx.
1025 4029 1105 4076 16.
1139 4025 1429 4078 ‘fortunam
1451 4029 1618 4079 levem

566 4103 623 4146 et
642 4098 947 4152 imbecillam
968 4103 1034 4152 ab
1051 4102 1223 4154 animo
1244 4103 1391 4152 firmo
1413 4109 1468 4154 et
1503 4120 1620 4168 gra-

1693 2527 1974 2592 oportere.’
2038 2529 2210 2580 Umbo
2250 2535 2420 2582 autem
2466 2539 2550 2582 est
2579 2534 2734 2598 πρόνι

1691 2612 1753 2654 ut
1775 2604 1965 2668 Papin.
1990 2603 2042 2652 iu
2068 2605 2295 2654 Hercule
2315 2607 2545 2656 Surrent.
2581 2615 2595 2637 ‘
2619 2624 2742 2658 eon-

1691 2685 1779 2727 tra
1801 2680 1937 2743 riget
1960 2680 2111 2729 umbo
2140 2681 2350 2743 maligni
2373 2682 2568 2732 Montis
2584 2682 2621 2744 ;’
2653 2683 2741 2744 ἅμ-

1691 2756 1804 2808 Bw.
1870 2754 2092 2802 Varroni
2118 2766 2196 2804 xv.
2217 2756 2284 2804 de
2307 2755 2432 2819 ling.
2456 2756 2572 2806 Lat.
2596 2772 2742 2806 usur·

1692 2836 1847 2890 patur
1876 2842 1971 2890 pro
2005 2830 2143 2878 omni
2165 2831 2303 2890 quod
2325 2833 2548 2880 eminet:
2582 2833 2743 2896 Papi-

1693 2904 1780 2952 nio
1818 2918 1912 2968 pro
1948 2904 2153 2968 clypeo,
2183 2911 2328 2968 toga,
2361 2906 2584 2970 brachio,
2606 2915 2666 2957 ut
2688 2915 2743 2956 et

1695 2978 2003 3029 Bernartius
2047 2980 2112 3028 ad
2156 2993 2194 3029 1.
2229 2982 2481 3032 Thebaid.
2522 2985 2741 3033 notavit.

1695 3052 1834 3100 Vide
1855 3066 2095 3116 magnum
2118 3053 2363 3118 Scaliger.
2402 3056 2455 3105 in
2484 3058 2744 3120 conjecta·

1694 3127 1806 3176 neis
1829 3126 1895 3175 ad
1919 3127 2204 3178 Varronem
2225 3145 2277 3192 p.
2293 3135 2374 3178 50.

1759 3205 1854 3251 321
1880 3202 1975 3252 Ille
1995 3209 2103 3253 arte
2124 3204 2366 3267 Οῃάωιιιιιι
2381 3206 2557 3255 Frem
2566 3206 2746 3270 Icirea]

1693 3276 1998 3340 Legendum
2040 3279 2237 3330 Itur-ea:
2279 3288 2340 3329 ut
2377 3281 2524 3345 Virg.
2547 3282 2744 3345 Georg.

1692 3365 1758 3400 ιι.
1783 3354 1798 3380 ‘
1817 3353 2026 3402 Itureos
2043 3355 2154 3403 taxi
2171 3361 2478 3421 torquentur
2499 3357 2552 3406 in
2570 3357 2753 3410 arcus!

1693 3427 1930 3477 Lucanus
1953 3443 2055 3480 vu.
2087 3431 2104 3458 ‘
2122 3430 2256 3480 Illuc
2287 3438 2344 3481 et
2369 3432 2526 3494 Libye
2559 3433 2747 3480 Numi-

1693 3501 1801 3566 das,
1823 3510 1878 3551 et
1902 3505 2061 3554 Creta
2082 3505 2324 3568 Cydonas
2345 3507 2526 3556 Misit:
2552 3505 2746 3555 Itureis

1693 3591 1874 3628 cursus
1889 3578 1990 3629 fuit
2005 3578 2124 3629 inde
2135 3582 2379 3644 sagittis)
2393 3579 2574 3630 eodem
2586 3580 2716 3630 libro
2733 3599 2745 3631 :

1692 3657 1708 3682 ‘
1733 3656 1884 3704 Tunc
1919 3665 1976 3706 et
2008 3657 2192 3720 Iturei,
2226 3657 2488 3720 Medique,
2525 3655 2750 3706 Arabes-

1696 3744 1815 3792 que,
1837 3731 2008 3781 soluto
2030 3730 2172 3780 Arcu
2197 3733 2351 3781 turba
2373 3733 2581 3781 minax!
2642 3733 2753 3781 Itu-

1696 3805 1774 3852 rei
1798 3806 1999 3868 populi,
2026 3807 2102 3855 ait
2141 3803 2342 3858 Probus
2369 3809 2432 3857 ad
2457 3808 2751 3872 Virgilium,

1695 3881 1943 3944 Scythiae,
1964 3884 2048 3932 vel
2079 3883 2246 3946 Syriae
2279 3884 2488 3946 rectius,
2507 3891 2564 3932 ut
2585 3884 2750 3932 Scan-⁴

1699 3972 1792 4022 ger
1809 3958 1942 4021 legit
1957 3958 2013 4007 iu
2035 3960 2137 4008 auis
2161 3960 2228 4009 ad
2247 3961 2526 4008 Varronem
2545 3958 2752 4020 conjec-

1699 4033 1886 4084 taneiti.
1929 4033 2653 4098 ‘Ithyraei,’vel‘1thaaraei,'
2676 4036 2766 4095 ait,

1699 4108 1884 4158 Vibius
1912 4109 2209 4174 sequester,
2247 4111 2422 4158 libello
2459 4109 2526 4158 de
2565 4109 2751 4158 Genti·

570 4171 639 4234 vi,
676 4180 919 4239 tanquam
956 4177 1171 4231 fluctum
1211 4193 1243 4230 a
1280 4195 1419 4246 saxo,
1452 4179 1621 4246 frangi
1702 4182 1817 4248 bus,
1849 4186 1866 4214 ⁸
1890 4185 2029 4247 Syrii
2051 4200 2146 4235 usu
2166 4186 2364 4250 sagittae
2389 4185 2582 4250 periti!
