3173 4957
584 387 715 453 492

1369 397 1672 445 JOSEPffl
1727 396 1976 444 lscAm

586 545 977 628 Exceptum
1004 543 1268 619 ducem,
1300 542 1479 604 senis
1510 539 1738 604 effulta
1767 538 2096 603 columnis

584 648 892 724 Tollitur,
912 645 1157 709 electro
1186 648 1418 707 vernat
1444 643 1657 718 basis,
1689 640 1936 703 arduus
1969 656 2130 702 auro

581 746 791 812 Ardet
812 764 1015 829 apex,
1040 744 1372 827 radioque
1404 743 1618 826 stylus
1645 740 1990 806 candescit
2017 740 2298 802 eburno.

584 849 723 912 His
744 854 1030 930 excepta
1059 846 1235 910 silex
1266 852 1452 908 artus
1493 844 1807 908 clausura
1839 839 2162 905 verendos

2634 842 2764 904 455

580 947 626 1012 J
632 949 865 1031 aspide
896 948 1206 1012 vestitur:
1251 965 1553 1029 gemmae,
1585 963 1760 1027 quas
1786 942 2034 1005 littoris
2057 940 2212 1002 Indi

578 1049 793 1113 Dives
822 1068 1022 1113 arena
1054 1050 1238 1131 gerit,
1268 1066 1520 1124 aurum,
1546 1045 1734 1127 quod
1766 1043 2054 1126 parturit
2087 1041 2403 1119 Hermus,

584 1149 667 1212 In
690 1150 911 1215 varias
942 1150 1175 1214 vivunt
1204 1146 1493 1229 specieS,
1522 1146 1776 1228 ditique
1804 1144 2122 1207 decorum

580 1249 889 1314 Materiae
918 1248 1261 1313 contendit
1288 1267 1501 1330 opus:
1546 1246 1729 1329 quod
1753 1247 1974 1310 nobile
2006 1245 2246 1308 ductor

582 1349 789 1427 Quod
818 1350 1073 1413 clarum
1103 1349 1328 1430 gessit,
1354 1367 1460 1411 ars
1488 1349 1816 1430 explicat,
1849 1346 2056 1410 ardua
2079 1343 2314 1426 pandit

2639 1343 2768 1407 460

587 1450 840 1527 MoleS,
867 1456 935 1513 et
964 1455 1171 1514 totum
1199 1456 1454 1513 reserat
1482 1450 1820 1529 sculptura
1850 1453 2214 1527 tyrannum.

669 1549 898 1614 Prima
927 1550 1119 1613 ducis
1148 1548 1365 1613 facies
1394 1550 1688 1613 nascenti
1718 1549 1898 1629 vagit
1917 1549 1988 1610 in
2019 1564 2172 1621 aere,

587 1651 891 1714 Sidoniis
904 1651 1175 1729 saviata
1202 1651 1401 1731 togis,
1426 1650 1690 1714 cunalis
1717 1650 1786 1711 in
1817 1650 2018 1713 altum

2363 1596 2688 1693 usluka)

585 1751 813 1833 Surgit
840 1751 1071 1827 honos,
1102 1749 1383 1833 trepidae
1413 1750 1666 1815 circum
1697 1750 2078 1833 nutrquue,
2107 1767 2482 1833 parensque

587 1850 867 1917 Alterno
897 1858 1162 1917 teneros
1194 1851 1571 1915 demulcent
1606 1851 1808 1914 ubere
1835 1849 2059 1914 fletus.

2645 1848 2772 1912 465

671 1952 995 2017 Proxima
1022 1951 1301 2015 lascivis
1322 1951 1581 2015 inhians
1605 1950 2018 2014 discursibus
2044 1960 2215 2015 aetas

587 2051 794 2116 Nunc
814 2053 1075 2117 labente
1102 2053 1266 2134 pila,
1298 2070 1475 2115 nunc
1506 2072 1581 2116 se
1613 2053 1916 2117 volvente
1945 2052 2185 2135 fatigat

588 2154 815 2231 Brute,
844 2171 1021 2217 nunc
1052 2173 1251 2218 arcu:
1298 2153 1536 2217 credas
1564 2158 1842 2217 curvata
1871 2155 2053 2217 coire

587 2252 880 2331 Cornua,
911 2260 977 2317 et
1000 2271 1351 2317 excussam
1382 2271 1588 2316 nervo
1615 2254 1895 2317 stridere
1927 2254 2261 2335 sagittam.

675 2354 903 2419 Tertia
932 2354 1331 2435 magnanimi
1353 2354 1650 2437 loquitur
1677 2355 2040 2437 primordia
2059 2356 2236 2437 regis

2645 2354 2774 2417 470

589 2453 971 2538 Accingens
1001 2456 1259 2539 pictura
1291 2455 1540 2520 virum:
1586 2456 1802 2538 regale
1836 2454 2152 2520 verendas

589 2556 917 2621 Accendit
944 2557 1257 2621 diadema
1285 2577 1539 2635 comaS,
1568 2559 1855 2622 sublime
1885 2558 2228 2621 sedentem

592 2659 812 2723 Fulcit
841 2661 1027 2737 ebur,
1058 2666 1452 2742 sceptroque
1477 2679 1714 2723 manus
1742 2661 2041 2723 radiante
2072 2657 2389 2740 superbit,

590 2758 751 2842 Ipse
782 2780 960 2824 nova
988 2761 1241 2824 vultum
1274 2761 1499 2842 pictus
1516 2761 1842 2840 lanugine,
1870 2760 2049 2841 regni

591 2859 938 2925 Maturum
967 2860 1311 2942 dispensat
1337 2863 1545 2942 opus:
1592 2859 1903 2941 belloque
1933 2865 2218 2942 togaque

2648 2856 2778 2919 475

591 2960 926 3035 Altemus‚
955 2978 1169 3024 rerum
1204 2961 1382 3025 vario
1412 2966 1734 3042 poscente
1761 2967 2016 3036 meatu,

1574 3143 1797 3194 NOTAE

665 3253 762 3300 454
783 3250 1023 3315 Radioque
1036 3254 1189 3316 stylus
1204 3254 1442 3304 candescit
1459 3253 1654 3319 eburno]
1731 3257 1878 3320 sephi
1900 3256 2149 3319 Scaligeri
2169 3255 2408 3306 Animad.
2430 3256 2499 3305 ad
2517 3257 2708 3306 Euseb.
2727 3271 2778 3322 p.

594 3325 859 3376 Columnae
879 3328 1265 3390 intermedium,
1286 3332 1477 3394 stylum
1492 3332 1654 3381 norni-

592 3408 704 3466 nat,
736 3417 849 3466 quae
874 3401 940 3450 ad
964 3417 1105 3452 suam
1144 3406 1372 3468 applicat
1408 3412 1648 3456 oetntem:

592 3492 762 3542 neque
782 3479 918 3528 enim
942 3481 1131 3542 stylum
1150 3481 1235 3530 hic
1259 3496 1354 3545 pro
1372 3484 1547 3546 cippo,
1562 3483 1650 3548 qui

593 3562 709 3604 erat
728 3553 861 3604 λίθος
882 3557 1144 3616 maneatis,
1178 3559 1378 3620 qualem
1402 3559 1455 3607 in
1474 3558 1652 3607 Achil-

591 3629 656 3678 lis
684 3631 925 3694 sepulcro
958 3632 1039 3679 vel
1073 3639 1400 3683 monumento
1425 3632 1650 3682 Alexan·

592 3705 689 3755 der
710 3706 950 3770 injunxit,
978 3707 1291 3757 Plutarchus
1313 3708 1365 3757 in
1392 3709 1647 3760 Alexand.

594 3783 825 3845 accipioz
848 3796 1013 3846 neque
1031 3783 1240 3845 proprie
1258 3797 1353 3845 pro
1374 3783 1494 3847 pila,
1509 3787 1649 3849 quali

594 3857 880 3922 Augustus,
902 3873 1067 3923 eaque
1090 3859 1301 3923 duplici,
1320 3874 1399 3908 res
1416 3874 1446 3908 a
1464 3875 1519 3909 se
1534 3876 1648 3926 ges-

593 3937 676 3981 tas
719 3934 921 3984 incidit.
1006 3933 1136 3984 Vide
1182 3933 1539 3984 casaubonum
1578 3936 1649 3985 ad

595 4007 891 4059 Suetonium
912 4023 976 4059 ιι.
993 4024 1046 4073 p.
1070 4013 1179 4059 127.
1212 4010 1339 4058 Tale
1354 4025 1649 4060 monumen·

596 4087 706 4132 tum
730 4082 847 4132 vide
866 4085 1001 4147 apud
1022 4084 1158 4134 Stat.
1177 4084 1363 4148 Papin.
1384 4099 1464 4135 vr.
1509 4087 1648 4137 Vide

596 4153 879 4206 Mennium
916 4158 983 4207 de
1019 4159 1364 4208 Rornanorum
1396 4163 1646 4224 sepulcris

602 4230 667 4280 ad
691 4231 1099 4302 Lycophronem,
1122 4251 1174 4301 p.
1190 4239 1302 4286 192.
1320 4241 1374 4287 et
1386 4239 1502 4287 227.
1552 4239 1645 4290 Jo-

1731 3337 1846 3383 146.
1872 3333 2108 3396 Conject.
2129 3347 2180 3396 p.
2205 3336 2284 3381 14.

1792 3411 1890 3456 468
1932 3408 2108 3456 Credas
2140 3412 2334 3456 curvata
2385 3407 2510 3455 coire
2565 3409 2778 3470 Cornua]

1728 3483 1876 3547 virg.
1897 3496 1975 3531 vr.
1999 3482 2113 3532 AEn.
2147 3484 2162 3511 ⁴
2183 3481 2366 3532 credas
2399 3485 2576 3532 innare
2607 3486 2778 3531 revul-

1730 3574 1813 3608 sas
1852 3557 2140 3622 Cycladas!
2206 3559 2341 3607 Item
2387 3571 2463 3607 ιι.
2500 3562 2614 3608 859.
2647 3559 2780 3608 Pru-

1728 3635 1872 3684 dent.
1895 3635 1911 3663 ‘
1929 3634 2108 3684 credas
2133 3634 2325 3684 moveri
2350 3632 2594 3684 fluetibus
2614 3635 2778 3684 Lacu·

1727 3712 1852 3761 nar?
1917 3712 2100 3761 Cicero
2129 3712 2226 3761 lroc
2249 3712 2456 3761 volebat
2476 3713 2529 3760 in
2551 3711 2778 3761 Horten-

1727 3787 1822 3848 sio,
1842 3787 2047 3849 qnando
2070 3787 2201 3835 dixit
2219 3801 2234 3834 ε
2270 3793 2284 3814 ‘
2303 3800 2416 3836 cum
2441 3787 2602 3834 omnis
2621 3788 2780 3835 soler-

1727 3861 1804 3911 tia
1834 3861 2065 3910 miranda
2094 3869 2194 3922 est,
2234 3869 2342 3910 tum
2377 3875 2438 3909 ea
2461 3853 2573 3924 qn'ae
2595 3859 2780 3923 eflicit,

1729 3943 1787 3984 ut
1801 3935 2024 3984 inanima
2042 3950 2156 4000 quae
2174 3944 2312 3999 sunt,
2328 3937 2498 3986 vivere
2511 3935 2779 3998 etepirare

1728 4011 2033 4060 videantur!

1791 4089 1891 4134 4⁷6
1944 4085 2122 4135 Rerum
2166 4085 2300 4132 vario
2339 4091 2559 4148 poscente
2599 4085 2779 4148 meatu]

1726 4161 1904 4210 Plaut.
1946 4160 2036 4211 ‘ut
2077 4173 2161 4210 res
2203 4167 2350 4224 eunt,
2386 4168 2446 4210 ut
2474 4161 2778 4212 saeculimos

1726 4234 1989 4302 possidet-⁹
