3173 4957
746 408 1113 457 casurus
1162 408 1478 456 BARTHn
1534 407 1750 456 No‘l'AE
1799 407 1880 457 nt
1935 410 2080 458 [AB.
2126 409 2228 458 IV·-

384 558 400 582 ¹
420 551 473 600 iu
498 550 651 599 anuis
672 549 1051 612 compositum,’
1078 548 1231 599 dixit.
1297 549 1445 614 virg.

388 639 443 674 x.
471 627 582 674 AEu.
608 625 742 674 ‘Sed
770 625 917 674 bellis
932 639 1055 674 acer
1070 626 1293 674 Halesus
1306 626 1446 674 Teu·

384 702 467 752 ott
486 703 537 750 in
562 701 821 764 adversos,
863 715 1023 765 seque
1046 702 1101 748 in
1130 716 1221 750 sua
1242 702 1444 763 colligit

386 775 564 823 arma?
655 775 904 837 Ejusdem
958 776 1173 823 alteram
1240 791 1445 839 quoque

386 851 595 913 pin-asin
620 863 735 898 esse
762 858 907 912 puto,
926 850 1017 898 sed
1044 852 1187 898 locus
1204 851 1401 899 excidit
1428 866 1441 898 ε

385 939 555 989 neque
594 932 825 974 nostrum
860 934 940 975 est
964 927 1163 989 ignavis
1188 927 1445 975 indicibus

390 1002 487 1048 uti.
1292 997 1301 1004 '

450 1078 477 1138 ς
522 1081 557 1124 8
608 1078 769 1140 Neque
801 1075 1006 1135 fortuna
1050 1075 1161 1125 belli
1212 1076 1446 1139 mutatur]

383 1153 659 1214 “Fortuna
706 1152 862 1201 belli'
902 1162 983 1200 est
1027 1154 1294 1214 ambiguus
1330 1154 1472 1222 ejus,

383 1237 575 1287 statua,
594 1229 703 1276 sive
724 1236 780 1276 et
804 1243 991 1276 numen
1010 1229 1237 1290 aliquod,
1258 1237 1315 1276 ut
1352 1230 1445 1276 ali·

386 1303 437 1350 bi
464 1304 767 1352 incurrimus.
817 1301 963 1351 Infra
982 1318 995 1350 ε
1016 1312 1029 1331 ·
1053 1303 1325 1351 Patroclus
1340 1301 1445 1351 for-

386 1385 561 1426 tanam
606 1379 725 1426 belli
766 1379 973 1427 vincere
1016 1393 1285 1441 aggressus
1324 1378 1443 1427 dum

384 1455 620 1503 bortatur
645 1454 801 1517 suos,’
817 1459 913 1504 &a
1004 1487 1011 1492 ·

448 1532 477 1592 ᾧ
498 1535 532 1578 9
569 1530 713 1578 Circa
735 1529 1019 1592 Sarpedonis
1039 1531 1242 1578 cadaver
1262 1532 1444 1578 auctis

381 1606 687 1668 deflentibus]
720 1607 735 1634 ‘
754 1604 992 1654 Deflere’
1026 1601 1178 1652 eniite
1198 1603 1323 1653 flere
1346 1613 1443 1654 est.

383 1682 532 1744 virg.
557 1695 630 1729 vr.
653 1681 766 1729 lEn.
790 1685 805 1710 ⁸
822 1683 949 1730 Tum
969 1681 1197 1729 membra
1213 1688 1329 1729 toro
1353 1681 1442 1729 de-

383 1753 505 1804 fleta
531 1755 827 1817 reponunt)

448 1834 477 1894 ξ
506 1837 561 1881 10
606 1833 787 1894 Meges,
818 1832 924 1894 lim]
952 1830 1267 1894 Legendnm,
1298 1830 1314 1857 ‘
1332 1831 1441 1880 Me·

384 1921 477 1971 ges
500 1915 555 1957 et
572 1909 801 1968 Elpenor
824 1906 1082 1966 Arcadae,'
1121 1921 1217 1955 non
1246 1906 1261 1933 ‘
1279 1907 1441 1954 Arca-

382 1983 524 2042 diae:
546 1992 601 2031 ut
642 1997 901 2030 excusum.
966 1979 1327 2042 ‘Indignatio’
1365 1983 1439 2030 rei

383 2059 577 2106 ibidem
635 2057 994 2122 indignitatem
1044 2058 1281 2106 denotat.
1350 2058 1439 2106 Sic

383 2134 400 2161 ⁶
418 2133 682 2196 dignatio'
713 2148 854 2196 saepe
888 2132 1195 2196 dignitatem
1219 2133 1271 2180 in
1294 2132 1436 2182 libris

352 2247 359 2254 .
386 2213 485 2259 tevi
508 2213 763 2260 cadentis.

447 2288 701 2336 Patroclus
716 2289 969 2347 fortunam
998 2287 1107 2336 beni
1135 2288 1319 2336 uincere
1350 2303 1439 2349 og-

377 2363 595 2426 gressus]
623 2364 640 2391 ⁴
668 2365 895 2412 Fortuna
923 2363 1043 2411 belli
1061 2363 1077 2384 ⁹
1096 2371 1179 2412 est
1206 2365 1439 2415 Bellona.

384 2439 553 2489 Quam
594 2439 869 2489 Fortunam
912 2439 1031 2488 belli
1071 2446 1223 2489 vocat
1248 2440 1439 2490 Lucan.

384 2530 462 2565 vl.
499 2516 515 2542 ‘
534 2517 609 2564 Te
646 2529 845 2577 precor,
867 2524 927 2564 ut
949 2525 1147 2564 certum
1172 2517 1327 2565 liceat
1351 2518 1440 2565 mi·-

380 2592 433 2639 lni
456 2606 669 2641 noscere
689 2592 861 2653 linem,
883 2592 1049 2643 Quem
1072 2593 1194 2641 belli
1210 2593 1440 2641 Fortuna

381 2668 568 2731 paret-⁹
636 2670 705 2717 Et
726 2682 800 2718 nv.
834 2674 849 2697 ⁸
875 2670 989 2718 Nou
1008 2669 1188 2717 eadem
1214 2668 1334 2717 belli
1359 2676 1441 2717 to·

382 2753 491 2792 tum
510 2745 739 2793 Fortuna
754 2759 849 2807 per
862 2745 1035 2793 orbem
1052 2744 1336 2794 Constitit?
1369 2746 1437 2797 Q.

380 2821 665 2882 Septimius
696 2834 781 2871 ιιι.
814 2820 831 2847 ‘
851 2821 1121 2869 Patroclus
1156 2822 1437 2872 Fortunam

381 2898 505 2945 belli
532 2899 737 2947 vincere
759 2912 1030 2960 aggressus
1064 2898 1171 2947 telo
1210 2899 1439 2962 Euphor·

380 2972 431 3019 bi
458 2972 597 3022 ruit!
660 2972 749 3021 Sie
780 2973 993 3020 aliarum
1029 2988 1327 3035 magnarum
1364 2988 1439 3021 re·

381 3064 492 3097 rum
512 3050 738 3097 Fortuna
756 3048 1043 3099 dicebatur.
1078 3050 1151 3097 Ut
1170 3050 1187 3076 ‘
1208 3050 1440 3099 Fortuna
1466 3086 1474 3095 .

380 3126 561 3189 populi
601 3124 839 3174 Romaui'
874 3127 1010 3187 apud
1056 3126 1165 3175 Cic.
1212 3125 1439 3188 Philipp.

378 3214 445 3249 ιι.
468 3201 555 3250 ubi
574 3201 641 3249 de
666 3200 813 3249 caede
836 3201 1074 3249 Caesaris.
1141 3200 1327 3248 Cicero
1344 3214 1438 3263 pro

378 3277 667 3325 Marcello:
703 3279 718 3304 ⁶
739 3278 867 3325 Cum
904 3283 1039 3324 esset
1072 3277 1300 3324 incertus
1332 3274 1440 3322 exi-

378 3359 463 3400 tus
488 3359 545 3401 et
566 3354 795 3401 Fortuna
826 3352 985 3401 belli-⁸
1053 3350 1309 3401 Ausonius
1338 3351 1439 3399 Pe-

382 3428 555 3475 riocha
603 3427 667 3475 Il.
708 3441 799 3475 xv.
847 3434 861 3455 ‘
879 3428 1091 3489 Jupiter
1124 3435 1301 3475 monet
1343 3442 1437 3491 pro

380 3502 677 3566 Phrygibus
694 3503 812 3551 belli
830 3504 1114 3552 instaurare
1126 3502 1441 3552 Fortunam.'

378 3578 603 3627 Advers.
627 3592 749 3629 κεν.
770 3584 847 3628 19.

446 3655 704 3704 Insolentiu
717 3656 879 3716 gentis
895 3670 991 3703 suoe
1006 3655 1203 3705 illudere
1222 3657 1439 3719 capiens]

376 3732 443 3780 Τὸ
466 3740 480 3761 ⁸
499 3747 606 3782 suae
626 3738 641 3759 ’
673 3733 737 3782 ab
760 3734 925 3781 aliena
949 3748 1102 3783 manu
1122 3741 1235 3783 est:
1264 3735 1439 3783 delen·

378 3808 502 3857 dum
524 3822 651 3871 ergo
676 3817 943 3872 protenus.

444 3886 472 3948 ξ
493 3889 551 3933 ll
582 3885 658 3933 012
682 3887 880 3947 tegendo
899 3886 1110 3946 vulnero,
1132 3900 1236 3948 «μισ
1258 3886 1437 3948 multis,

374 3960 481 4022 lfa]
516 3960 717 4009 Bardos
759 3962 1025 4009 librarios!
1064 3974 1164 4009 uon
1200 3960 1437 4010 viderunt

379 4035 674 4099 legendum,
717 4037 734 4064 ⁴
755 4050 871 4100 quae
918 4035 1138 4084 occultis
1182 4036 1309 4084 locis
1344 4037 1437 4085 im-

380 4112 591 4176 pressa.’
656 4112 823 4175 Supra
869 4111 1075 4160 dixerat
1102 4127 1116 4160 z
1166 4112 1182 4138 ⁶
1203 4112 1435 4161 Patrocli

378 4202 506 4238 vero
530 4202 667 4237 mors
684 4202 783 4237 non
802 4194 1001 4236 tautum
1024 4187 1269 4248 gemitum
1290 4188 1435 4238 illum

377 4269 579 4319 crunctis
610 4269 917 4325 incusserat,
950 4266 1043 4314 sed
1072 4266 1334 4329 precipue
1358 4280 1438 4316 re-

2450 397 2580 463 ⁶99

1519 549 1752 598 cordatio
1783 551 2046 600 vulnerum
2082 563 2176 611 per
2211 550 2328 600 loca
2349 553 2583 616 corporis

1521 623 1852 688 pudibundass
1883 623 2104 674 Advers.
2130 638 2250 675 xxv·
2273 629 2353 674 1³.

1584 701 1614 762 ὁ
1631 703 1696 750 20
1723 698 1948 748 Priamus
1965 697 2158 761 lugubri
2178 705 2304 749 veste
2320 700 2582 752 miserabile

1520 775 1696 837 tectus]
1732 773 2002 824 Ablativos
2041 777 2092 824 in
2130 776 2150 824 i
2193 791 2288 838 pro
2311 791 2338 826 o
2364 778 2582 840 vulgato

1520 857 1773 898 exeuntes
1795 858 2008 912 usurpat
2031 851 2298 911 Apuleius,
2315 859 2370 900 at
2385 859 2583 902 contra.

1519 923 1608 972 Sic
1645 927 1682 973 l.
1721 937 1796 975 nr.
1843 924 1986 973 ‘Imo
2029 927 2186 974 etiam
2223 933 2434 988 paratus
2479 941 2582 976 uon

1518 998 1642 1048 fanti
1667 1007 1888 1061 tautum,
1917 1001 2008 1049 sed
2029 1002 2284 1050 machera
2308 1015 2583 1063 percussus

1519 1075 1867 1124 occumbere!
1931 1077 2168 1125 Valerius
2197 1077 2457 1128 Maximus
2492 1077 2584 1127 lib·

1520 1165 1590 1200 vr.
1613 1156 1788 1215 catus.
1825 1159 1839 1182 ⁶
1861 1152 2015 1201 Fusii
2053 1167 2352 1216 percussam
2387 1153 2581 1203 intere-

1520 1225 1651 1275 mit.'
1719 1226 1806 1276 Ita
1839 1234 2046 1277 veteres
2087 1227 2204 1276 libri
2241 1241 2304 1276 co
2342 1227 2458 1277 loco
2491 1229 2580 1278 lta·

1520 1301 1664 1357 bent,
1703 1301 1789 1351 ubi
1829 1302 2042 1365 Pighius
2081 1303 2310 1352 restituit
2333 1301 2582 1354 ‘suatim-⁹

1519 1378 1844 1426 Contrarium
1865 1379 1916 1426 in
1943 1379 2164 1442 Apuleio
2199 1392 2280 1429 11.
2315 1378 2419 1428 ‘At
2457 1379 2580 1430 dum

1517 1455 1736 1517 fodiem,
1767 1458 1884 1505 dum
1921 1458 2158 1520 irrigans,
2181 1464 2479 1522 ceteroque
2503 1457 2578 1506 iu·

1517 1545 1708 1580 curvus
1741 1532 1915 1581 labore
1953 1532 2221 1581 deservit!
2291 1534 2420 1582 Erat
2439 1532 2577 1583 euim

1518 1608 1534 1635 ‘
1560 1606 1750 1654 labori'
1772 1606 2063 1656 dicendum.
2129 1609 2218 1656 Sic
2251 1608 2466 1672 Septim.
2489 1621 2577 1659 nr.

1514 1682 1790 1730 ‘Priamus
1834 1683 2039 1745 lugubri
2089 1691 2236 1732 veste
2281 1683 2574 1733 miserabile

1517 1756 1722 1807 tectus.'
1775 1757 2062 1806 venantius
2086 1769 2150 1805 n.
2171 1757 2236 1806 de
2260 1758 2416 1806 rebus
2434 1759 2577 1806 Mar-

1515 1833 1644 1880 tini:
1692 1840 1706 1861 ‘
1733 1830 1928 1882 Effusas
1967 1833 2194 1894 traJecto
2233 1832 2422 1881 missile
2463 1823 2575 1882 cos·

1514 1914 1612 1963 tas,
1639 1908 1792 1956 Unde
1834 1910 2093 1957 cruentati
2127 1910 2338 1971 pariunt
2379 1908 2576 1971 baptis-

1514 1989 1654 2031 mata
1699 1982 1829 2031 rivi!
1908 1983 2245 2045 Propertiusz
2295 1982 2422 2031 ‘illa
2459 1997 2572 2032 meo

1514 2071 1658 2105 caros
1696 2056 1939 2106 donasset
1981 2055 2164 2106 funere
2203 2056 2409 2105 crines.'
2471 2058 2576 2106 laun

1512 2134 1693 2182 cilius:
1729 2134 1746 2161 ⁴
1771 2132 2032 2182 esuriente
2073 2132 2207 2180 leoni
2243 2146 2310 2180 ex
2347 2147 2438 2182 ore
2482 2146 2565 2180 ex·

1513 2209 1754 2270 sculpere
1779 2205 2047 2269 praedam!
2074 2204 2291 2255 Advers.
2304 2220 2438 2256 xxv.
2460 2213 2510 2256 6.

1577 2287 1606 2348 §
1629 2289 1694 2332 26
1731 2285 1968 2332 Renovato
1990 2282 2120 2346 fletu
2139 2298 2276 2346 quam
2296 2284 2576 2348 miserabili]

1514 2359 1557 2408 Α
1568 2359 1786 2422 puleius,
1798 2366 1812 2388 ·
1826 2374 1940 2407 cum
1953 2373 2102 2422 quam
2117 2358 2350 2418 misena:
2367 2360 2494 2408 dicit
2505 2359 2572 2408 de

1512 2437 1739 2493 Charite,
1763 2451 1812 2498 p.
1837 2439 1950 2486 811.
1973 2435 2258 2485 miserrima
2279 2435 2570 2499 intelligen-

1512 2514 1581 2562 da
1605 2521 1702 2563 est.
1739 2513 1958 2573 Septim.
1983 2526 2070 2561 ιιι.
2098 2514 2114 2539 ‘
2135 2511 2218 2559 Ad
2239 2526 2306 2559 ea
2327 2511 2570 2561 Priamus

1516 2595 1766 2637 renovato
1792 2585 1918 2636 fletu
1940 2601 2089 2649 quam
2130 2586 2432 2647 miserabili,
2465 2599 2569 2634 nou

1513 2664 1624 2711 sine
1648 2662 1861 2711 decreto
1885 2661 2056 2709 divum
2079 2660 2366 2709 bominibus
2387 2659 2572 2707 adver-

1512 2751 1571 2786 sa
1611 2738 1811 2786 irruere
1855 2735 1965 2785 ait.’
2053 2736 2196 2785 Idem
2238 2749 2320 2784 ιν.
2370 2733 2566 2797 ‘Apud

1509 2813 1759 2875 Trojanos
1797 2811 1983 2861 latitia
2015 2818 2167 2873 atque
2190 2810 2472 2872 gratulatio
2494 2810 2574 2857 iu·-

1512 2888 1738 2938 terfecto
1757 2902 1909 2951 qnam
1925 2885 2204 2935 metuendo
2221 2884 2403 2935 boste.’
2437 2885 2568 2933 Eam

1513 2964 1617 3011 vim
1657 2964 1930 3027 particulae
1976 2959 2198 3023 ‘quam'
2252 2973 2402 3008 nemo
2443 2968 2570 3021 puto

1512 3041 1764 3089 hacteuus
1776 3038 2002 3100 agnovit.
2013 3037 2235 3085 Advers.
2249 3048 2458 3086 xxxin.
2489 3039 2568 3090 12.

1897 3178 2035 3227 Lm.
2069 3178 2167 3226 lv.

1576 3280 1606 3340 §
1631 3281 1652 3324 1
1697 3277 1934 3324 Ceterum
1968 3276 2068 3322 viso
2109 3274 2338 3323 Hectoris
2366 3274 2567 3341 sume]

1511 3354 1526 3381 ‘
1546 3353 1720 3400 Funus
1736 3350 1750 3370 ’
1773 3349 1997 3398 cadaver
2019 3358 2167 3398 sonat
2191 3349 2330 3411 apud
2355 3349 2422 3400 Q.
2440 3350 2569 3413 Sep-

1512 3427 1708 3476 timium
1733 3438 1809 3475 tv·
1834 3424 1900 3472 de
1915 3423 2067 3472 Bello
2082 3424 2333 3486 Trojano.
2363 3426 2379 3453 ‘
2397 3426 2568 3475 Caete-

1512 3518 1624 3551 rum
1661 3501 1768 3548 viso
1803 3498 2049 3547 Hectoris
2075 3496 2278 3561 funere,
2297 3501 2474 3549 cuncti
2495 3501 2569 3550 ei·

1514 3592 1604 3626 ves
1643 3577 1874 3638 sociique
1910 3581 2240 3622 accurrentes
2269 3572 2445 3623 fletum
2471 3576 2568 3624 tol·
2594 3580 2604 3591 ⁸

1513 3650 1663 3713 lunt,'
1683 3653 1780 3698 ὅτε.
1832 3648 2032 3697 Seneca
2055 3648 2292 3710 Satyrion
2315 3648 2379 3695 de
2403 3656 2568 3697 morte

1512 3742 1606 3777 seu
1629 3727 1800 3789 potius
1819 3723 2087 3788 apotheosi
2111 3723 2345 3772 Claudii:
2378 3726 2395 3752 ‘
2417 3724 2570 3773 Clau-

1513 3804 1631 3853 dius
1653 3809 1712 3850 ut
1735 3799 1862 3848 vidit
1884 3796 2034 3847 funus
2052 3812 2217 3855 suum,
2237 3798 2498 3848 intellexit
2511 3813 2570 3847 se

1512 3884 1766 3927 mortuum
1811 3872 1964 3934 esse,’
2003 3876 2102 3922 διο.
2185 3874 2360 3935 Magis
2396 3881 2570 3923 antem

1512 3954 1780 4003 ridiculum
1797 3950 2007 3999 Seneca»,
2025 3948 2218 3996 dictum
2237 3946 2386 4009 facit,
2397 3949 2440 3997 si
2455 3962 2570 4012 per·

1513 4029 1794 4095 pendamus
1827 4023 2043 4073 ‘funus'
2077 4039 2180 4073 nou
2219 4038 2458 4087 pompam
2488 4022 2569 4073 fu-

1512 4106 1722 4154 nebrem
1746 4102 2054 4162 intelligere,
2076 4114 2190 4161 quae
2215 4098 2336 4161 fingi
2363 4114 2394 4147 a
2417 4106 2567 4162 petu-

1512 4180 1737 4232 lantibus
1771 4185 1828 4227 et
1869 4177 1999 4225 male
2043 4174 2241 4224 feriatis
2283 4176 2568 4225 bominibus

1518 4263 1726 4323 poterat
1760 4255 1814 4304 in
1853 4251 2128 4301 ludibrium
2166 4252 2325 4301 etiam
2361 4258 2470 4300 tum
2497 4250 2568 4298 vi·
