3173 4957
940 438 1037 484 Db:
1086 434 1327 485 BELLo
1372 436 1720 485 TROJANO
1769 438 1910 487 Lm.
1959 441 2073 488 111.

2462 428 2588 493 461

409 576 601 653 Quos
631 575 903 640 Larissa
927 577 1131 656 fovet,
1161 598 1336 662 quas
1368 577 1642 643 Graecia
1669 588 1890 644 cetera
1920 583 2151 646 nutrit.

408 678 797 741 Enumerem
820 679 851 740 ’ἲ
897 679 1271 762 facilesque
1300 679 1433 741 fide
1466 678 1761 744 dictante
1787 689 2048 747 meatus

406 778 741 843 Victrices
775 779 1085 844 Danaum
1114 787 1294 843 certo
1310 798 1575 863 -sequar
1608 781 1838 845 ordine
1868 784 2048 847 vires
2071 786 2101 848 ‘l
2145 772 2157 783 ’

410 878 584 956 Οιιω
616 880 794 957 loca,
826 882 943 962 qui
973 900 1188 962 regeS,
1208 880 1494 963 pelagus
1528 882 1707 964 quod
1740 884 2033 968 quisque
2063 885 2293 966 fatiget

406 979 763 1045 classibus
785 983 816 1044 'l
863 1000 946 1046 ac
977 982 1275 1046 celebres
1301 981 1429 1045 hac
1459 983 1617 1047 novi
1642 990 1829 1065 parte
1861 982 2228 1049 Camoenas

408 1080 731 1145 Fraudari
758 1082 991 1159 titulis,
1014 1102 1349 1165 auresque
1380 1082 1716 1147 offendere
1745 1085 2013 1149 molles·

406 1180 639 1247 Pauca
667 1191 889 1247 tamen
911 1184 1133 1248 studio
1154 1203 1287 1248 nou
1318 1192 1728 1265 aegrescente
1759 1185 2101 1251 faventum

408 1284 757 1348 Succincte
780 1284 1036 1349 dixisse
1066 1286 1290 1363 velim,
1322 1289 1709 1369 numerique
1742 1286 1965 1369 sigillo

2461 1290 2595 1353 420

404 1382 685 1448 Juratas
710 1387 1006 1467 signasse
1036 1392 1257 1451 rates:
1306 1388 1468 1451 Fert
1492 1388 1670 1452 bella
1692 1389 1800 1453 bis
1827 1407 1986 1467 una,

408 1485 534 1548 Bis
566 1491 827 1550 centum
860 1498 929 1551 et
954 1488 1182 1553 decies
1202 1495 1489 1566 centum,
1522 1507 1696 1570 quas
1727 1490 2026 1573 undique
2048 1494 2272 1571 raptas

408 1584 721 1669 Cecropii
753 1594 953 1653 vocat
981 1589 1163 1655 unda
1191 1582 1405 1668 εἰηίἱε,
1436 1598 1507 1656 et
1537 1590 1875 1673 Apollinis
1907 1610 2182 1674 aequor:

408 1686 573 1751 Huc
606 1689 810 1767 acieS,
839 1690 971 1754 huc
999 1710 1183 1755 anna
1210 1699 1469 1757 meant:
1512 1692 1668 1757 hinc
1695 1693 1938 1758 bellica
1967 1692 2207 1757 classis

408 1786 627 1853 Ordiri
649 1789 942 1873 disponit
970 1793 1116 1869 iter,
1148 1793 1247 1856 sic
1274 1793 1537 1857 culmen
1566 1792 1772 1858 herile

2363 1796 2370 1799 ’
2460 1793 2598 1859 425

406 1889 685 1972 Imperii
704 1889 939 1973 jussit,
963 1893 1204 1957 statuit
1232 1893 1543 1957 consulta
1572 1898 1904 1975 potestas,

493 1990 629 2055 Ast
656 1992 772 2055 ubi
796 1998 986 2075 gesta
1015 1993 1349 2077 Phrygum
1384 1993 1690 2077 geminos
1723 1994 1996 2075 vulgata
2027 1994 2337 2059 Lacones

406 2090 849 2172 Concussere,
876 2094 1168 2159 fremunt
1197 2096 1416 2171 ambo,
1446 2094 1637 2160 dolor
1657 2095 1915 2162 excitat
1949 2094 2209 2174 ambos,

407 2192 668 2257 Ambos
697 2195 797 2258 ira
828 2194 1067 2278 quatit,
1095 2214 1227 2263 non
1257 2197 1359 2262 sic
1388 2197 1632 2262 orbata
1661 2197 1894 2261 leones

471 2493 567 2540 41⁷
602 2490 672 2540 Ae
696 2493 931 2541 Dresem.

1648 2390 1680 2412 Ο

1374 2640 1610 2692 ’ΝΟΤΕ

406 2765 459 2816 p.
478 2756 560 2801 82.
624 2751 758 2802 Vide
780 2754 1070 2803 Erasmnrn.
1124 2755 1457 2817 Symmschus

406 2829 557 2891 epist.
572 2832 653 2877 61.
676 2828 765 2879 lib.
785 2843 907 2878 vm.
928 2830 945 2856 ⁴
964 2831 1171 2893 vulgati
1195 2830 1458 2894 proverbii

404 2911 506 2966 est,
522 2904 807 2968 Enavigato
830 2905 1006 2956 Maleo
1024 2905 1261 2956 oblimari
1279 2921 1459 2957 eorum

406 2980 717 3043 memoriam,
770 2994 899 3044 quos
956 2982 1097 3032 domi
1155 2981 1461 3048 reliqueris.’

408 3055 604 3104 Plinius
628 3056 865 3107 Caecilius
898 3057 1069 3121 Epist.
1096 3060 1174 3107 10.
1208 3057 1323 3120 ὑπὲρ
1355 3064 1458 3108 Ma-

404 3130 540 3179 λέαν.
605 3130 741 3180 Vide
779 3131 1057 3181 Brodaeum
1097 3146 1137 3180 ι.
1172 3137 1255 3182 85.
1311 3134 1459 3182 Umbo

406 3214 577 3256 etitem
601 3214 683 3257 est
698 3207 835 3271 quod
855 3207 1132 3270 prominet,
1159 3205 1303 3271 «pbr.
1354 3208 1459 3258 Vo-

406 3283 643 3332 cabulum
660 3283 886 3346 Papinio
910 3281 1174 3346 frequens.

472 3363 567 3409 421
590 3358 709 3408 Fert
734 3359 855 3409 bella
872 3360 945 3408 bis
960 3375 1073 3423 una,
1096 3360 1189 3410 Bis
1204 3364 1393 3410 centum
1413 3365 1461 3411 et

406 3433 558 3483 decies
570 3435 777 3501 centum]
805 3437 988 3497 Dares,
1004 3435 1087 3499 cuj
1095 3451 1151 3485 us
1167 3435 1363 3486 Noster
1382 3435 1462 3484 fu·

410 3509 534 3558 nalis
558 3523 740 3572 equus,
761 3510 923 3559 variat
946 3510 997 3558 in
1024 3523 1265 3560 numero:
1303 3511 1461 3560 etiam

408 3584 615 3647 Dictys.
679 3584 981 3648 catalogum
1044 3587 1251 3634 navium
1304 3587 1462 3636 habet

407 3659 548 3722 apud
564 3658 926 3721 Homerum,et
938 3660 1207 3723 Pupiniam
1220 3662 1271 3710 in
1284 3656 1462 3711 achil-

405 3733 562 3782 leide.
628 3733 863 3798 Plautus,
912 3733 1151 3798 Ovidius,
1194 3735 1461 3800 Virgilius,

408 3809 739 3873 Propertius,
756 3808 791 3860 J
797 3811 1041 3874 uvenalis,
1062 3812 1261 3862 Seneca
1282 3813 1461 3876 Trogi·-

409 3900 521 3947 eus,
564 3885 862 3948 Euripides,
901 3885 1057 3934 etiam
1102 3886 1277 3935 Livius
1325 3899 1379 3938 v,
1413 3893 1463 3937 ὅ.

410 3961 551 4010 mille
574 3975 752 4022 naves,
776 3958 1109 4022 Thucydides
1127 3973 1167 4010 1.
1191 3961 1333 4009 mille
1369 3961 1463 4012 du·

412 4043 613 4094 centes.
678 4036 937 4087 Homerus
980 4037 1155 4100 plures
1209 4043 1463 4088 numerat.

411 4109 571 4173 Apud
605 4112 851 4162 Nostrum
882 4126 932 4161 v.
1001 4110 1311 4160 Palamedes
1346 4113 1465 4162 huic

411 4199 622 4236 numeru
634 4191 711 4237 8⁰.
732 4187 896 4238 addit.
926 4186 1166 4252 Hyginus
1184 4186 1379 4237 falam.
1398 4188 1466 4238 ab

410 4260 651 4312 omnibus
686 4262 941 4314 dissentit.
1004 4264 1271 4312 Manasses
1308 4264 1467 4314 etiem

1537 2753 1718 2804 στόλον
1746 2751 2061 2816 xinde-rosor
2099 2757 2272 2802 vocat.
2311 2752 2598 2804 Pausanias

1536 2831 1592 2879 iu
1618 2829 1888 2879 Laconicis
1921 2827 2194 2878 Heuenium
2224 2835 2377 2879 vocat
2408 2830 2597 2888 locum,

1538 2905 1628 2956 ubi
1649 2904 1821 2955 Graeci
1846 2905 2132 2954 consultum
2170 2904 2435 2955 venerint:
2468 2907 2597 2956 elios

1540 2995 1663 3030 vero
1701 2979 1769 3029 ad
1805 2979 1996 3029 Xerxis
2035 2978 2423 3044 expeditionem
2459 2980 2596 3030 hune

1538 3056 1711 3105 locum
1735 3053 2015 3105 transferre
2035 3055 2125 3104 ait.

1605 3134 1702 3181 428
1741 3131 1958 3194 Cecropii
1977 3134 2111 3180 vocat
2145 3131 2272 3180 unda
2303 3128 2460 3192 sirius]
2494 3131 2600 3180 Alii

1540 3203 1595 3254 in
1624 3203 1811 3254 Aulide
1844 3205 2076 3269 juratum
2111 3203 2162 3254 id
2187 3203 2379 3255 bellum
2402 3205 2601 3259 volunt.

1540 3279 1690 3342 virg.
1717 3291 1798 3327 ιν.
1839 3277 1960 3328 AEn.
1991 3278 2180 3341 Papio.
2215 3291 2278 3327 ιι.
2320 3277 2600 3328 Achilleid-

1541 3353 1890 3402 Philostratus
1914 3351 1966 3401 in
1979 3351 2220 3401 Heroicis
2237 3349 2422 3408 variat.
2440 3351 2600 3403 inter·

1542 3430 1666 3479 dum
1689 3429 1824 3479 enim
1859 3430 1912 3478 in
1949 3427 2139 3478 Aulide
2176 3427 2496 3488 convenisse,
2519 3429 2598 3476 in-

1544 3504 1746 3555 terdum
1766 3505 1957 3554 bellum
1982 3503 2056 3553 ait
2069 3503 2288 3566 jurasse.
2349 3504 2548 3552 Noster
2570 3517 2600 3552 s

1541 3581 1743 3631 Dat-ete
1773 3579 1898 3643 ῥινὸς
1931 3577 2180 3643 catanens,
2215 3579 2436 3629 Athenis
2468 3579 2600 3627 clas-

1543 3671 1650 3708 sem
1671 3657 1976 3706 convenisse
1999 3655 2202 3717 scribit,
2214 3653 2342 3704 inibi
2361 3653 2602 3704 consulto

1542 3732 1773 3796 oraculo,
1793 3738 2107 3795 tempestate
2125 3729 2428 3796 impeditam
2449 3735 2506 3779 et
2519 3743 2601 3778 re·

1543 3814 1846 3872 tegresssm,
1869 3823 1934 3859 ex
1953 3808 2142 3859 Aulide
2163 3805 2396 3859 solvisse.

1609 3883 1850 3948 Apollinis
1863 3885 2048 3949 equor]
2063 3885 2200 3936 Cur?
2222 3895 2286 3932 sn
2303 3883 2424 3947 quie
2442 3881 2600 3945 Apol·
2701 3891 2710 3898 ·

1543 3961 1595 4010 lo
1617 3960 1680 4011 ὥς
1697 3959 1913 4025 πατρῶός
1933 3961 2040 4011 ἐστι
2059 3962 2123 4026 viv*
2145 3958 2305 4022 πόλει,
2327 3971 2444 4023 quae
2479 3965 2600 4008 sunt

1546 4037 1706 4088 verbs
1729 4037 2096 4087 Demosthenis
2117 4037 2170 4086 in
2188 4037 2341 4086 Orat.
2363 4045 2456 4098 pro
2479 4034 2601 4084 Cte-

1544 4111 1775 4174 siphone.
1840 4111 2003 4161 Plura
2041 4109 2358 4163 scholiastes
2398 4107 2602 4160 Aristo·

1547 4185 1728 4249 phanis
1749 4185 1816 4234 ed
1839 4185 2036 4237 Nubes.

2459 786 2595 849 415
2621 730 2906 857 chrm-5²
2926 776 2984 829 22
