3173 4957
552 374 685 439 518

558 532 805 610 Millia,
835 534 969 593 tam
1000 527 1223 592 varios
1248 524 1555 606 gemitus,
1577 532 1716 589 tam
1745 526 2021 590 dissona
2048 526 2188 591 fata

1338 382 1648 432 Josm’m
1699 382 1950 431 lscAm
2033 420 2040 425 .

2603 530 2734 595 420

558 632 859 721 Indoluit
885 629 1211 703 Phoebus»,
1244 626 1618 709 celeresque
1647 626 1964 692 immersit
1988 628 2286 692 habenas

558 731 895 809 Maestior,
919 739 990 793 et
1008 728 1249 791 subitis
1280 726 1641 791 conterruit
1669 729 1932 809 agmina
1960 728 2176 792 bellis.

649 833 812 898 Nox
842 836 1004 908 erat,
1036 837 1106 893 et
1135 830 1339 911 longo
1368 827 1705 892 defessum
1736 828 1957 893 Marte
1979 830 2259 913 jacebat

559 932 1029 998 Andromache
1059 931 1411 1014 complexa
1439 930 1674 1006 virum,
1707 948 1988 1013 cumque
2018 951 2262 1014 aspera
2290 926 2470 996 belli'

560 1032 947 1111 Quaesisset,
976 1050 1137 1112 gens
1162 1036 1315 1095 utra
1342 1030 1543 1113 prior,
1572 1048 1726 1112 quae
1753 1032 2023 1095 nomina
2040 1050 2286 1113 regum,

2607 1033 2738 1097 425

561 1133 701 1212 Qui
734 1134 981 1209 vultuS,
1014 1132 1175 1215 quid
1207 1130 1644 1207 Dardanidae,
1674 1131 1839 1213 quid
1869 1134 2156 1213 gesserit
2180 1134 2345 1216 ipse.

560 1233 936 1316 Egregium,
959 1252 1291 1316 passusne
1316 1238 1555 1308 metuS,
1589 1234 1816 1315 sopita
1837 1235 2078 1298 marito

561 1334 877 1411 Incubat,
906 1342 975 1397 et
1002 1335 1195 1417 primi
1222 1334 1467 1397 nebula
1497 1339 1804 1405 cessante
1833 1336 2101 1416 soporis

559 1435 647 1499 In
678 1454 869 1499 veras
898 1442 1157 1499 matura
1182 1436 1371 1520 quies
1399 1442 1688 1518 purgata
1715 1434 1960 1517 figuras

562 1537 732 1602 Dira
759 1542 996 1601 monet.

1089 1535 1330 1602 Stabat
1362 1537 1674 1601 thalamis
1694 1536 2120 1620 junctissima
2147 1537 2397 1613 lauruS,

560 1638 875 1702 Secretos
906 1639 1227 1721 amplexa
1252 1640 1467 1702 lares=
1510 1639 1781 1701 inimica
1813 1638 2065 1701 securis

562 1738 636 1802 H
642 1758 767 1803 anc
798 1758 839 1803 a
866 1740 1075 1821 stirpe
1104 1740 1315 1816 metit,
1344 1744 1648 1803 rorantes
1679 1738 1994 1821 sanguine
2023 1739 2191 1802 rami

561 1841 643 1905 In
674 1848 949 1905 stratum
980 1841 1231 1922 geniale
1262 1842 1553 1907 cadunt:
1598 1840 1790 1923 plura
1816 1840 2047 1921 ingerit
2067 1838 2338 1903 horrens

563 1942 873 2006 Monstra
904 1962 1145 2025 sopor:
1181 1942 1371 2025 jacet
1399 1941 1724 2007 interdum
1752 1942 1894 2004 sine
1925 1940 2228 2023 conjuge,
2259 1948 2398 2005 toto

563 2043 747 2106 Fusa
776 2049 942 2119 toro,
972 2043 1189 2107 nudos
1217 2063 1445 2107 rursus
1475 2043 1660 2107 videt
1687 2044 1819 2106 oris
1847 2043 2067 2106 hiatus
2153 2070 2156 2073 ·

464 2202 481 2217 ,
562 2144 975 2225 Sanguineos
1004 2144 1263 2208 foedare
1292 2145 1503 2207 sinus.
1592 2144 1890 2208 Tandem
1921 2162 2100 2224 aegra
2130 2162 2446 2227 soporem

563 2243 867 2326 Rumpit,
898 2252 967 2307 et
994 2245 1333 2309 horrendis
1360 2246 1559 2309 iterat
1589 2244 2015 2322 clamoribuS,
2049 2245 2327 2322 Hector,

565 2343 820 2407 Hector
846 2346 963 2408 ubi
980 2347 1009 2407 ‘t
1054 2345 1417 2428 timidaque
1441 2363 1646 2408 manu
1675 2352 1973 2410 scrutata
2003 2347 2246 2423 cubile,

562 2442 957 2524 Ingeminat‚
990 2446 1213 2525 MeuS,
1243 2445 1438 2510 hicne
1464 2465 1655 2510 meus
1677 2447 1708 2510 'l
1752 2447 1955 2511 lenire
1986 2466 2270 2529 pavores

564 2544 717 2623 Ille,
740 2553 809 2610 et
836 2547 1057 2611 adhuc
1086 2567 1319 2629 segnes
1347 2548 1677 2631 paulatim
1703 2546 1966 2612 demere
1997 2567 2271 2612 somnos

2614 2547 2742 2610 440

564 2645 913 2729 Coeperat:
960 2649 1079 2712 illa
1106 2649 1304 2713 fidem
1334 2649 1502 2713 visis
1532 2669 1707 2712 nune
1737 2648 2009 2713 credula
2037 2649 2266 2727 donat,

562 2742 759 2811 Nunc
788 2756 1009 2829 negat,
1038 2749 1490 2830 amissumque
1519 2757 1768 2832 putans
1798 2750 2154 2832 complexa
2174 2751 2518 2825 maritum,-

560 2845 805 2910 Omnia
834 2855 1011 2913 certa
1037 2849 1251 2926 timet,
1282 2855 1349 2914 et
1376 2850 1471 2914 nil
1501 2856 1721 2914 tamen
1749 2868 1918 2914 ausa
1945 2851 2136 2914 fateri

1557 3049 1776 3098 No'rAE

626 3163 722 3209 430
756 3159 927 3208 Stabat
957 3161 1162 3210 thalamo
1180 3162 1486 3222 junctissima
1509 3165 1612 3212 lau-

1693 3161 1934 3225 gabilium
1970 3160 2281 3225 piscinarum
2315 3157 2482 3208 freta-³
2547 3159 2742 3208 Noster

558 3237 667 3299 rus]
708 3235 956 3284 Veterum
979 3236 1105 3285 illud
1129 3237 1375 3300 studium,
1404 3251 1613 3287 nemora
1691 3237 1966 3302 Virgilium
2001 3237 2234 3285 imitatur
2264 3240 2320 3282 et
2341 3233 2644 3297 Papinium:
2683 3234 2742 3282 il·

560 3315 619 3360 ut
642 3311 945 3373 Propertius
966 3310 1021 3360 et
1043 3312 1293 3375 Papinius
1314 3314 1612 3378 loquuntur,

1693 3315 1796 3362 lum
1842 3326 1904 3361 ιι.
1946 3312 2079 3358 hunc
2121 3323 2200 3358 rx.
2242 3307 2408 3357 Theb.
2457 3311 2474 3337 ⁴
2503 3309 2742 3359 Quercus

559 3388 610 3434 in
632 3386 885 3436 domibus.
955 3387 1205 3436 Rutilius:
1242 3393 1257 3418 ⁸
1282 3389 1406 3452 quid
1429 3390 1612 3453 loquar
1692 3385 1951 3443 erat,'&c.
2017 3371 2658 3446 Art‘emidoriaveapdnpww
2675 3384 2744 3432 de

557 3462 773 3511 inclusas
795 3462 932 3512 intra
954 3463 1213 3528 laquearia
1234 3465 1433 3529 sylvas?
1477 3467 1610 3515 Ver-

556 3538 679 3586 nula
716 3552 830 3600 quae
867 3538 1007 3587 vario
1048 3539 1275 3590 carmine
1306 3541 1439 3591 ludit
1462 3541 1610 3591 avis?

558 3614 639 3662 De
678 3613 1043 3676 superstitione
1088 3616 1176 3663 illa
1206 3616 1447 3667 arborum
1490 3617 1609 3666 vide

557 3689 855 3752 Philippum
890 3689 1179 3738 Rubenium
1218 3693 1515 3740 Electorum
1548 3704 1610 3740 ιι.

556 3768 636 3812 34.
689 3766 769 3814 De
794 3763 1061 3813 arboribus
1084 3766 1134 3814 in
1158 3767 1469 3830 compluvio,
1487 3767 1608 3816 vide

556 3839 620 3886 ad
664 3839 1165 3890 Silium-Heinsium
1210 3855 1303 3892 xv.
1392 3844 1606 3898 Senecae

555 3916 907 3964 controversia
948 3915 999 3964 id
1044 3917 1168 3965 satis
1216 3917 1406 3980 probat
1449 3932 1509 3968 u.
1555 3923 1604 3967 9.

556 3990 571 4015 ‘
598 3991 893 4040 Quinetiam
935 3992 1122 4040 montis
1154 3993 1417 4057 sylvaeqne
1440 3994 1493 4042 in
1514 3993 1608 4042 do-

557 4067 723 4115 mibus
752 4067 1016 4131 marcidis,
1053 4077 1106 4118 et
1146 4069 1327 4132 umbra
1361 4069 1606 4136 fumoque

558 4141 800 4191 viridibus
818 4144 850 4204 ς’
873 4152 924 4192 et
950 4157 1000 4193 v.
1024 4151 1073 4194 6.
1110 4147 1125 4172 ‘
1145 4145 1307 4195 Alunt
1325 4146 1375 4195 in
1396 4148 1605 4196 summis

1691 3462 1955 3512 arboribus
1972 3460 2128 3518 habes
2145 3461 2234 3509 lib.
2251 3474 2314 3508 11.
2335 3463 2415 3509 12.
2437 3457 2600 3521 δένδρα
2613 3457 2664 3507 δὲ
2676 3459 2752 3511 τὰ,

1687 3536 1777 3599 μὲν
1795 3536 1920 3600 παρὰ
1939 3539 2026 3596 τῆς
2047 3535 2193 3588 οἰκίας
2212 3533 2468 3598 πεφυκότα,
2482 3537 2742 3598 δεσποτῶν,

1688 3619 1786 3664 &c.
1835 3613 1969 3662 Vide
1992 3615 2148 3662 etiam
2172 3612 2472 3662 Achmetem
2495 3625 2544 3660 c.
2569 3615 2683 3663 151.

1750 3694 1848 3739 432
1881 3691 2120 3738 Rev-untes
2139 3689 2369 3749 sanguine
2388 3687 2510 3735 romi
2537 3687 2596 3735 In
2615 3692 2746 3750 stra-

1689 3771 1788 3814 tum
1821 3766 2008 3825 geniale
2031 3763 2229 3827 cadunt]
2267 3763 2518 3825 Papinius
2539 3763 2630 3811 lib.
2654 3775 2737 3810 rx.

1689 3844 1704 3870 ⁶
1730 3847 1962 3890 rorantes
1993 3839 2240 3902 sangnine
2273 3852 2438 3887 ramos
2461 3838 2738 3902 Expirasse

1689 3915 1832 3968 solo!

1751 3997 1846 4043 4³5
1885 3993 2051 4041 Nudos
2082 3992 2212 4042 ridet
2251 3990 2348 4038 oris
2389 3988 2571 4052 hiatus]
2601 3988 2739 4038 Vide

1689 4073 2046 4196 Πιοίξὲῗιιὸπιπία
2067 4148 2194 4192 certa
2213 4142 2374 4205 timet]
2393 4143 2581 4206 virgil.
2604 4144 2619 4172 ‘
2639 4157 2746 4192 om.

557 4215 859 4271 culminibus
894 4223 1110 4274 mentita
1142 4238 1364 4285 nemora,
1388 4231 1443 4274 et
1465 4225 1613 4274 navi-·
1685 4221 1770 4271 nia
1795 4229 1908 4272 tuta
1932 4218 2158 4270 timens!
