3173 4957
910 416 1006 464 DE
1056 413 1296 463 nun-100
1344 413 1691 464 TBOJANO
1740 415 1885 464 mn.
1935 413 2036 466 vl.

2424 402 2553 466 571

446 558 546 623 At
574 558 800 640 regina
828 577 1117 640 gemens,
1147 562 1232 636 et,
1249 577 1593 642 nunquam
1623 557 1881 624 credita
1907 558 2213 634 Teucris,

365 661 766 726 Cernusium
794 659 1183 724 Cassandra
1213 662 1406 742 petit,
1437 660 1889 743 comitemque
1922 665 2201 725 secutus

2426 657 2555 723 895

361 761 865 825 Andromachen
897 761 1195 830 Helenus
1218 779 1240 825 ε
1295 761 1396 826 sic
1425 761 1591 825 Ilios
1620 762 1819 826 unica
1848 761 2094 824 damno

363 861 586 927 Ubere
613 881 834 944 regna,
859 863 1062 927 urbes
1091 862 1364 945 populi-s
1391 867 1458 926 et
1485 862 1801 944 gentibus
1830 862 2089 947 implet.

443 963 736 1048 Jamque
763 963 1128 1028 Phoronaei
1155 968 1314 1047 post
1340 963 1558 1028 diruta
1585 963 1915 1046 Pergama
1942 983 2141 1046 reges

364 1064 672 1148 AEgaeum
699 1069 962 1128 tenuere
989 1064 1253 1140 fretum,
1283 1063 1663 1148 spoliisque
1695 1065 1967 1148 superbi

365 1167 614 1244 Iliacis,
636 1165 814 1230 nulla
841 1185 1075 1231 cursus
1104 1167 1405 1231 turbante
1434 1166 1755 1250 procella,

365 1267 757 1333 Concordes
790 1286 1066 1332 secuere
1095 1268 1286 1332 vias:
1332 1287 1486 1331 cum
1513 1286 1783 1334 carcere
1812 1269 2031 1334 fracto
2094 1324 2107 1339 .

364 1369 640 1434 Effroeni
667 1368 995 1433 fremuere
1029 1369 1228 1446 Noti,
1255 1353 1547 1453 coelique
1571 1371 1891 1437 tumultus

366 1470 671 1553 Dispulit
699 1475 816 1533 aut
844 1470 1090 1552 pelago
1117 1490 1408 1555 puppes,
1441 1478 1560 1535 aut
1585 1471 1907 1536 fluctibus
1926 1470 2151 1536 bausit
2168 1490 2195 1530 ι

365 1569 459 1636 At
483 1591 658 1652 vaga
680 1571 1052 1636 Locrorum
1078 1572 1338 1642 classis,
1364 1571 1520 1635 dum
1543 1573 1803 1636 turbine
1834 1573 2067 1649 fertur,

364 1672 448 1736 In
469 1673 791 1755 scopulos
818 1672 1116 1756 projecta
1140 1673 1316 1756 perit
1343 1693 1358 1732 z
1405 1673 1564 1757 quin
1592 1673 1867 1738 fulmine
1898 1693 2151 1758 quassa

2428 1671 2559 1736 905

368 1774 609 1856 Regia,
639 1795 776 1858 qua
801 1785 1042 1839 vectus
1071 1773 1280 1857 Ajax,
1309 1774 1491 1851 ratis,
1523 1777 1675 1856 ipse
1701 1775 2051 1857 profundis

367 1875 681 1958 Corporis
710 1878 1036 1959 obsequio
1064 1874 1308 1942 frustra
1331 1876 1618 1939 libratur
1644 1877 1712 1940 in
1741 1876 1965 1939 undis.

453 1975 627 2041 Mox
655 1978 770 2042 ubi
796 1980 1084 2041 victores
1115 1975 1301 2040 audit
1324 1993 1620 2039 remeare
1651 1975 1979 2057 Pelasgos

369 2074 553 2159 Ajax
586 2077 653 2143 N
661 2097 746 2142 au
757 2078 1049 2162 pliadeS,
1073 2077 1333 2154 tituloS,
1365 2076 1730 2141 Palamede
1758 2079 2078 2159 peremto,

1279 2241 1370 2262 000

432 2327 531 2373 9⁰9
565 2323 700 2373 OEax
732 2323 973 2373 Dresem.
1031 2322 1164 2373 Vide
1185 2331 1296 2375 nol.

1353 2469 1562 2522 NOTAE

369 2582 577 2644 Strabo,
629 2583 858 2646 Solinus,
914 2583 1171 2643 Justinus,
1228 2584 1423 2645 Livius,

1503 2598 1605 2635 ιιι.
1626 2600 1681 2647 p.
1706 2589 1822 2635 2⁰2.
1856 2582 1941 2645 μία
1960 2582 2121 2642 στήλη
2139 2556 2327 2635 vobs-ou·
2342 2586 2430 2643 τῆς
2443 2602 2561 2646 cva-

367 2659 616 2709 Velleius.
684 2658 932 2707 Diversus
965 2658 1233 2721 opiniones
1267 2658 1426 2707 babes
1498 2662 1646 2723 φορᾶς
1667 2660 1701 2719 ἥ
1726 2660 1977 2721 οἰκουμένη
2006 2661 2158 2725 πᾶσα,
2202 2662 2301 2709 καθ’
2322 2658 2381 2718 ἧς
2414 2661 2561 2712 ἐστέ-

369 2734 508 2797 apud
540 2733 787 2795 Scaliger.
829 2734 880 2781 in
914 2734 1118 2783 Festum
1146 2738 1257 2783 170.
1297 2735 1428 2783 Bro-

369 2810 524 2859 deum
561 2821 647 2857 ιιι.
669 2812 718 2856 4.
754 2807 1002 2857 Ιιοὸἑιιιειιι
1025 2821 1103 2858 ιν.
1127 2814 1209 2859 20.
1275 2809 1426 2858 Lollii

369 2884 520 2933 Bassi
551 2890 636 2932 est
667 2881 984 2945 epigramma
1023 2881 1090 2930 de
1125 2883 1284 2931 AEnea
1323 2884 1427 2947 Bo·

369 2974 632 3009 manorum
675 2964 920 3011 auctor-ez
951 2958 1032 3006 Ἐς
1085 2957 1236 3006 καλὸν
1273 2960 1426 3008 ὤλετο

369 3035 546 3098 πύργος
560 3036 588 3083 ὁ
605 3033 794 3095 Τρώϊοι·
814 3032 848 3091 ἦ
865 3034 961 3096 ’γὰρ
976 3034 1028 3081 ev
1043 3032 1209 3085 ὅπλοις
1223 3033 1425 3099 Ἠγέρθη

368 3110 546 3172 κόσμου
571 3108 746 3159 παντὸς
773 3108 959 3157 ἄνασσα
990 3108 1144 3159 πόλις.
1209 3111 1424 3160 Cointus

367 3186 662 3250 Smyruoeus
681 3178 979 3234 vaticinium
1008 3184 1134 3233 illud
1153 3184 1220 3233 de
1251 3184 1422 3247 Impe-

370 3263 446 3311 rio
487 3264 735 3323 Romano,
771 3267 830 3309 ut
863 3267 919 3310 et
958 3260 1206 3323 pietatem
1249 3261 1424 3309 AEueae

372 3352 499 3402 erga
537 3344 755 3400 patrem,
787 3335 1044 3398 insignitis
1063 3336 1297 3385 versibus
1337 3336 1425 3383 de·

371 3414 569 3472 scribit,
608 3427 658 3475 p.
677 3415 794 3460 648.
830 3412 1115 3475 Augurium
1143 3412 1206 3460 de
1246 3410 1422 3461 futuro

374 3488 594 3552 imperio
628 3486 784 3536 babes
820 3486 974 3535 etiam
1012 3486 1149 3549 apud
1181 3485 1430 3549 Trypbio·

374 3562 574 3613 dorum.

437 3642 531 3687 8⁹5
569 3636 854 3686 emunim
877 3637 1147 3686 Cassandra
1163 3635 1310 3700 petit]
1327 3637 1428 3685 Da-

373 3727 456 3763 res
499 3712 518 3741 ‘
544 3711 959 3773 Cherronesum,’
998 3726 1064 3762 ex
1108 3727 1210 3776 quo
1261 3712 1428 3776 liquet

372 3788 476 3839 alio
526 3788 659 3838 libro
699 3785 986 3850 Josepbum
1041 3793 1270 3836 nostrum
1314 3800 1428 3836 esse

376 3879 543 3915 usum.

438 3944 539 3991 896
570 3939 656 3990 Sic
670 3939 789 3989 Ilios
807 3937 1086 4001 misuka]
1120 3944 1135 3967 ⁶
1157 3938 1288 3987 Tum
1312 3951 1430 3986 cum

377 4016 541 4066 tristis
573 4022 708 4078 erat,
741 4014 957 4065 defensa
987 4022 1068 4063 ast
1087 4013 1210 4063 Ilios
1245 4012 1433 4063 armis?

380 4091 537 4140 Hom.
578 4090 771 4155 Odyss-
803 4096 862 4139 Δ.
906 4088 987 4138 ἰὸν
1021 4086 1086 4137 εἷς
1117 4087 1268 4137 Ἴλιον
1314 4086 1432 4152 ἱρὴν,

377 4165 515 4230 quod
539 4170 594 4215 et
614 4164 664 4215 in
682 4164 852 4215 Iliade
877 4163 1142 4229 frequens.
1206 4162 1431 4215 Nazian-

380 4238 496 4294 zeni
514 4252 616 4291 non
633 4238 876 4290 absimilis
897 4243 980 4289 est
1000 4237 1256 4290 sententia
1273 4238 1426 4290 Orat.

1501 2751 1670 2799 ρησαν.
1686 2739 1788 2786 &c-

1566 2816 1665 2861 898
1696 2813 1901 2875 Jamque
1917 2810 2195 2875 Phorouoei]
2227 2812 2316 2861 De
2333 2812 2349 2841 ⁸
2368 2812 2563 2862 Phoro-

1502 2901 1617 2936 uaeo
1636 2886 1651 2909 '
1674 2886 1792 2935 vide
1814 2901 1932 2951 quae
1964 2886 2078 2937 Jos.
2101 2886 2335 2949 Scaliger
2370 2886 2436 2936 ad
2462 2887 2563 2937 Eu-

1503 2961 1611 3011 seb.
1629 2968 1775 3010 notat
1794 2976 1846 3023 p.
1873 2965 1951 3009 lo.
1964 2967 2020 3008 et
2038 2958 2219 3023 Eurip.
2243 2960 2563 3012 Scholiasten

1505 3036 1570 3086 ad
1611 3036 1838 3087 Oresten
1877 3051 1929 3099 p.
1959 3038 2072 3085 232.
2124 3034 2441 3099 Aggreditur
2478 3036 2564 3087 bic

1505 3110 1729 3161 reditum
1748 3110 2071 3171 Groeeorum,
2088 3108 2155 3158 de
2174 3124 2274 3173 quo
2289 3110 2437 3159 multi
2456 3108 2566 3161 fue·

1506 3194 1623 3235 rant
1644 3186 1780 3249 apud
1800 3194 2004 3234 veteres
2026 3185 2209 3234 νόστυν
2225 3186 2364 3248 libri,
2381 3202 2480 3250 qua
2498 3186 2565 3235 de

1503 3275 1561 3310 re
1584 3261 1649 3309 ad
1673 3260 1981 3309 Atheuaeum
2016 3260 2349 3310 casaubonus
2382 3276 2457 3311 lv·
2482 3267 2563 3312 14.

1505 3343 1560 3386 et
1581 3337 1885 3385 Maussacus
1913 3334 1977 3383 ad
2012 3335 2347 3385 Plutarchum
2372 3338 2439 3385 de
2472 3335 2566 3385 flu·

1506 3411 1728 3460 minibus
1756 3426 1809 3473 p.
1830 3414 1945 3459 ³11.
2050 3403 2059 3413 ⁰

1571 3490 1671 3535 909
1716 3484 1851 3545 Aiax
1892 3484 2212 3550 Naupliades]
2266 3484 2563 3549 Legendum

1513 3564 1649 3613 OEeae
1673 3562 1983 3625 Naupliades,
2022 3560 2110 3625 qui
2132 3560 2431 3610 Palamedis
2462 3560 2565 3611 fra-

1512 3645 1614 3699 ter,
1656 3635 1871 3700 Nauplii
1922 3634 2078 3696 tilius,
2122 3626 2360 3698 Neptuni
2402 3650 2565 3700 nepos

1504 3710 1628 3768 fuit,
1652 3711 1873 3775 quicum
1896 3708 2062 3759 fratre
2085 3708 2149 3758 ad
2166 3709 2373 3772 'frojam
2395 3723 2569 3760 acces-

1507 3794 1664 3851 serat,
1688 3794 1749 3837 ut
1773 3786 1976 3851 quidem
2001 3785 2352 3837 Philostratus
2384 3788 2567 3838 scribit

1509 3864 1563 3912 in
1590 3863 1825 3912 Heroicis
1847 3867 1965 3913 690.
2030 3862 2236 3925 Dictys,
2258 3876 2409 3925 quem
2432 3863 2568 3913 Nos·

1513 3944 1595 3987 ter
1628 3938 1860 4002 sequitur
1890 3935 2149 4001 διαῤῥήδην,
2176 3938 2309 3986 OEux
2332 3938 2567 4000 Nauplia-

1510 4016 1621 4063 des.-
1644 4014 1802 4063 etiam
1819 4013 2057 4076 Hyginus
2080 4010 2187 4063 fab.
2209 4017 2321 4063 117.
2344 4020 2401 4063 et
2419 4015 2569 4064 Euri·

1513 4090 1661 4154 pides
1684 4090 1736 4137 in
1760 4090 1953 4140 Oreste
1976 4102 2029 4151 p.
2052 4091 2166 4137 160.
2230 4089 2311 4137 Ex
2346 4088 2445 4137 illis
2468 4088 2565 4139 ita·

1513 4178 1615 4229 qne
1634 4164 1967 4227 corrigendus
1984 4162 2329 4225 Apollodorus
2344 4178 2434 4214 ιιι.
2452 4170 2564 4215 184.

1506 4236 1760 4300 ’Κλυμένην
1799 4240 1947 4301 γαμεῖ
1978 4236 2214 4291 Ναύπλιος
2220 4277 2235 4307 ,
2273 4239 2353 4291 καὶ
2384 4242 2565 4291 τέκνων
