3173 4957
708 675 1221 754 cAsPAms
1301 679 1766 756 BARTHII
1851 682 2204 804 NoTAE.

1086 953 1185 1002 Ex
1222 953 1560 1004 ADVERss.
1593 955 1739 1007 XIV.
1775 962 1855 1007 13.

1172 1167 1768 1206 w

370 1321 687 1399 Sues-rmus
714 1346 995 1410 Romanus,
1018 1349 1103 1414 qui
1130 1349 1325 1414 Dictyu
1358 1349 1425 1400 de

369 1422 521 1470 Bello
540 1422 765 1484 Trojano
786 1423 925 1486 loqui
945 1424 1131 1473 Latine
1152 1423 1300 1485 fecit,
1321 1426 1423 1473 Ro-

368 1511 549 1546 manus
572 1511 692 1545 sane
710 1498 935 1560 scriptor
958 1506 1059 1560 est,
1076 1514 1169 1549 nec
1189 1499 1422 1562 refu-ager

368 1571 555 1635 doctis,
572 1573 661 1636 qui
682 1575 749 1625 Q.
767 1572 994 1623 Arcadio
1010 1574 1212 1624 Ruffino
1226 1590 1423 1625 nuncu-

368 1663 523 1712 passe
565 1649 867 1712 conjectant
899 1665 1012 1700 aevo
1046 1652 1420 1708 Theodosiano,

371 1730 664 1785 autpraeter
680 1733 912 1787 propter.
945 1725 1032 1789 (L.
1053 1740 1185 1776 ινιι.
1201 1726 1309 1791 20.)
1334 1729 1422 1777 De

370 1811 433 1844 eo
456 1797 714 1860 scriptore
747 1798 825 1846 ita
848 1799 1088 1862 judicare
1115 1816 1419 1863 possumus:

366 1873 576 1922 videtur
594 1875 671 1923 vir
694 1875 945 1937 quispiam
970 1877 1155 1940 priscae
1180 1877 1421 1941 eloquen-

368 1950 458 1998 tiae
474 1965 491 2009 3
509 1950 871 1999 inclinantibus
880 1951 991 2014 jam
1006 1952 1159 2001 rebus
1177 1954 1422 2004 Romanis

370 2039 485 2074 cum
521 2034 758 2076 cerneret
790 2028 955 2076 multa
996 2027 1213 2077 diversis
1258 2029 1421 2078 modis

370 2100 436 2149 de
459 2100 593 2150 bello
611 2102 700 2150 illo
716 2101 1057 2152 famosissimo
1082 2101 1297 2166 differri,
1318 2112 1423 2154 sta-

368 2177 533 2226 tuisse
551 2177 601 2226 ei
611 2176 891 2226 confusioni
907 2178 1209 2230 medicinam
1226 2178 1425 2242 facere,

369 2262 424 2304 et
441 2268 643 2303 omnem
662 2255 890 2303 historiae
914 2255 1118 2311 seriem,
1133 2257 1295 2304 instar
1310 2271 1422 2306 cer-

369 2336 441 2380 tae
496 2332 825 2390 narrationis,
886 2331 1075 2379 libellis
1126 2332 1421 2394 complecti.

368 2407 507 2456 Usus
530 2413 703 2454 autem
724 2405 931 2454 videtur
952 2406 1105 2455 titulo
1133 2407 1419 2470 l)ictys,ue

368 2481 707 2533 flaccesceret
748 2483 1015 2532 autoritas.
1082 2484 1212 2531 Eum
1246 2490 1421 2533 autem

366 2557 553 2607 librum
580 2562 763 2620 postea
782 2558 833 2619 in
858 2572 999 2605 suam
1022 2557 1248 2621 linguam
1273 2559 1420 2611 Grae-

371 2635 475 2683 culi
501 2633 739 2682 videntur
773 2632 1143 2694 transduxisse,
1164 2634 1423 2696 inscripti-

370 2724 468 2759 one
490 2710 721 2773 ejusdem
758 2710 896 2757 tituli
928 2717 982 2758 et
1011 2708 1187 2758 fabula
1226 2708 1422 2771 addita,

369 2788 525 2835 talem
566 2786 751 2834 librum
786 2800 901 2835 eum
940 2792 1239 2833 terraemotu
1280 2792 1422 2848 pate·

368 2860 511 2911 facto
534 2860 771 2923 sepulcro
804 2860 1090 2919 inventum,
1124 2867 1178 2908 et
1210 2858 1423 2908 Claudio

372 2936 566 2985 Caesari
584 2934 849 2995 traditum,
867 2935 976 2997 ejus
988 2934 1137 2996 jussu
1152 2932 1309 2982 fuisse
1323 2941 1427 2981 tra-

370 3012 601 3061 ductum.
654 3014 781 3061 Eam
803 3011 1027 3061 fabulam
1052 3018 1290 3061 recenset
1312 3010 1425 3060 Sui·

371 3088 463 3137 das
486 3104 552 3137 ex
576 3088 676 3137 alio
698 3089 937 3152 quopiam
962 3093 1189 3137 micton-e.
1232 3086 1423 3136 Almus·

372 3164 450 3214 ἐπὶ
494 3164 729 3214 Κλαυδίου
764 3166 852 3221 τῆς
890 3162 1077 3225 Κρήτης
1109 3162 1197 3222 ὑπὸ
1228 3162 1424 3223 σεισμοῦ

371 3239 752 3303 κατενεχθείσης,
774 3239 852 3289 καὶ
880 3243 1078 3289 πολλῶν
1092 3237 1257 3301 τάφων
1280 3239 1419 3299 ἄνεῳ·

372 3315 603 3379 χθέντυν,
618 3316 780 3379 εὑρέθη
801 3316 853 3365 ἐν
864 3315 931 3365 ἑνὶ
946 3314 1129 3365 τούτων
1139 3314 1199 3363 τὸ
1214 3314 1422 3375 σύνταγ-

370 3410 439 3453 μα
472 3394 559 3451 τῆς
600 3392 807 3455 ἵστορίας
842 3392 1063 3453 Δίκτυος,
1098 3391 1185 3440 τὸν
1224 3389 1427 3453 Τρωϊκὸν

373 3466 595 3531 περιέχον
612 3465 845 3531 πόλεμον,
874 3466 985 3530 ὅπερ
1006 3466 1169 3522 λαβὼν
1190 3465 1425 3515 Κλαύδιος

374 3542 565 3603 ἐξέδωκε
618 3542 899 3608 γράφεσθαι.
985 3541 1144 3605 Apud
1209 3542 1425 3593 Graecos

372 3618 580 3684 quidem
592 3619 788 3682 Dic-tyn
807 3618 1039 3667 extitisse
1051 3622 1290 3679 auctores
1304 3622 1426 3665 sunt

375 3693 527 3741 ambo
548 3693 775 3755 Tzetzae,
797 3692 1021 3743 Joanues
1047 3698 1102 3741 et
1134 3691 1347 3755 Isacius,
1364 3698 1427 3743 ut

370 3773 525 3816 notat
559 3766 715 3815 etism
750 3766 1074 3815 doctissimus
1098 3766 1174 3814 vir
1195 3765 1423 3816 Jacobus

372 3842 627 3892 Nicoluus
656 3841 870 3891 Loensis
904 3856 982 3890 ιν.
1015 3841 1306 3891 Miscellan.
1336 3844 1423 3891 20.

373 3917 585 3969 Daretis
616 3916 819 3983 quidem
855 3915 1069 3980 Phrygii
1109 3915 1323 3964 Iliadem
1358 3915 1425 3964 ad

374 4008 470 4043 sua
489 3999 725 4057 tempora
758 3999 1014 4042 servatam
1050 3988 1210 4041 fuisse
1242 3989 1425 4039 scribit

374 4068 605 4119 AEliauus
631 4082 709 4118 xx.
727 4068 881 4116 variae
908 4067 1173 4116 Historiae.
1206 4065 1310 4115 Sed
1334 4066 1425 4115 illa

373 4143 503 4193 nihil
528 4143 592 4193 ad
616 4144 938 4207 Septimium,
975 4143 1063 4207 qui
1095 4142 1317 4205 scriptor
1347 4148 1427 4191 est

377 4220 611 4278 Latinus,
626 4221 751 4271 licet
772 4221 913 4271 miris
932 4220 1093 4269 modis
1108 4219 1173 4270 ab
1196 4220 1425 4283 exscrip-

504 4301 683 4365 Delph.
697 4306 748 4352 et
774 4302 892 4353 Ver.
918 4302 1048 4351 Clas.

1274 4300 1413 4353 met.
1434 4302 1566 4351 cm.
1582 4302 1664 4363 sve.

1506 1348 1704 1398 toribus
1734 1351 1888 1402 variis
1922 1353 2112 1403 seculis
2147 1357 2380 1428 mutatus
2402 1361 2459 1405 et
2480 1355 2554 1406 in-

1504 1425 1804 1486 terpolatus.

1917 1566 2058 1614 Lm.
2091 1567 2136 1616 Ι.

1564 1665 1594 1727 §
1619 1669 1644 1713 1
1665 1665 1846 1714 Atreus
1861 1680 2056 1728 namque
2071 1681 2133 1714 ex
2147 1666 2555 1729 Mino’e‘postrem

1499 1753 1585 1788 sua
1602 1739 1848 1802 ordinans]
1865 1741 1883 1766 ‘
1898 1741 2168 1791 Postrema
2182 1740 2197 1763 '
2219 1743 2448 1792 ultimam
2468 1758 2560 1793 vo·

1499 1815 1751 1865 luntatem
1769 1817 2004 1866 morituri
2016 1818 2125 1880 jam
2143 1818 2360 1868 hominis
2383 1819 2556 1884 desig·

1502 1897 1648 1940 nant.
1682 1892 1777 1940 Est
1797 1905 2016 1955 namque
2052 1893 2168 1942 talis
2199 1895 2398 1942 sanctio
2437 1909 2559 1957 pos·

1504 1970 1722 2014 tremum
1736 1965 1991 2028 judicium
2026 1967 2262 2030 hominis,
2285 1974 2344 2016 ut
2374 1970 2554 2032 appel·

1503 2042 1642 2091 latur
1685 2058 1716 2091 a
1762 2044 2089 2092 Diocletiano
2138 2049 2198 2093 et
2237 2045 2558 2095 Maximiano

1501 2117 1672 2180 Impp.
1711 2118 1840 2181 Leg.
1857 2123 1904 2167 2.
1931 2118 2262 2169 Cod.Justin.
2283 2119 2370 2182 qui
2393 2125 2556 2170 testa-

1500 2199 1680 2242 menta
1695 2191 1868 2242 fecere
1892 2199 2119 2255 possunt.

1589 2269 1712 2324 Quoe
1753 2283 1806 2316 eo
1851 2273 2054 2331 tempore
2101 2268 2299 2316 Nestori
2346 2270 2553 2332 desupra

1500 2342 1628 2405 erat]
1668 2343 1684 2370 ‘
1707 2341 1978 2406 Denupta’
2021 2343 2248 2406 pulcrius
2280 2342 2346 2392 ab
2370 2343 2552 2394 eodem

1500 2419 1684 2467 mulier
1739 2418 1948 2474 dicitur,
2009 2432 2159 2482 quam
2222 2431 2338 2467 cum
2400 2420 2552 2484 vulgo

1500 2493 1730 2557 ‘nuptast
2381 2526 2386 2531 -

1568 2572 1646 2633 §4
1669 2570 1850 2630 Regem
1862 2570 1937 2617 ira
1951 2574 2090 2631 atque
2107 2570 2436 2630 indignatione
2454 2577 2554 2621 stu-

1498 2644 1738 2707 pefactum
1767 2644 1960 2691 consilio
1995 2644 2252 2707 excidisse]
2287 2645 2553 2707 Obstupe-

1502 2718 1614 2767 fieri
1659 2719 1886 2767 homines
1917 2718 2102 2767 subitis
2145 2718 2348 2768 casibus
2394 2726 2554 2783 etque

1502 2792 1770 2842 eventibus
1821 2792 2074 2854 videmus,
2134 2793 2312 2857 quales
2370 2794 2552 2856 pulcre

1503 2874 1678 2916 mente
1701 2874 1756 2917 et
1773 2882 1990 2930 corpore
2021 2869 2037 2895 ⁴
2055 2868 2374 2931 consilioque
2413 2870 2552 2919 ceci-

1506 2943 1642 2991 disse
1656 2942 1671 2965 '
1692 2948 1748 2993 et
1761 2942 2017 2993 excidisse
2033 2943 2256 2992 nitidem
2275 2944 2554 3007 elegantis·

1505 3016 1664 3067 simus
1691 3024 1892 3078 auctor,
1914 3018 1952 3068 l.
1974 3032 2014 3067 ι.
2047 3020 2062 3045 ‘
2082 3017 2183 3067 Ast
2205 3018 2294 3067 ubi
2329 3020 2556 3069 animad-

1504 3092 1665 3141 vertit
1711 3092 2035 3155 Palamedes,
2077 3092 2291 3156 regem,’
2331 3096 2430 3143 διο.
2473 3108 2552 3145 xv.

1504 3167 1522 3194 ‘
1544 3166 1646 3215 Sed
1671 3166 1840 3215 fertur
1861 3166 2112 3216 OEnouem
2133 3167 2244 3216 viso
2267 3167 2554 3221 Alexandri

1503 3241 1756 3291 cadavere
1775 3241 1904 3291 adeo
1925 3250 2251 3301 commotam,
2273 3246 2347 3295 uti
2367 3246 2558 3295 amissa.

1500 3322 1675 3365 mente
1696 3314 2086 3378 obstupefieret,
2104 3330 2166 3364 ac
2199 3316 2439 3378 paulatim
2458 3332 2555 3381 per

1502 3404 1771 3439 moerorem
1806 3388 2082 3439 deficiente
2113 3391 2280 3439 animo
2313 3392 2552 3441 concide-

1503 3464 1622 3515 ret.'
1652 3480 1706 3515 v.
1740 3470 1756 3494 ⁸
1775 3465 2028 3523 Helenus,
2044 3466 2344 3516 recordatus
2367 3475 2557 3529 paren-⁴

1504 3548 1610 3591 tem
1623 3541 1882 3590 Priamum
1901 3541 2232 3604 residuosque
2245 3540 2450 3599 fratres,
2459 3538 2551 3591 fle-

1507 3623 1615 3667 tum
1637 3617 1749 3667 edit
1782 3616 2145 3681 miserabilem,
2171 3623 2554 3669 consternatus·

1506 3708 1610 3759 que
1636 3708 1730 3757 per
1751 3694 1998 3755 dolorem,
2037 3701 2192 3757 atque
2223 3694 2554 3758 obstupefac-

1506 3773 1611 3830 tus,
1641 3768 1779 3817 ruit.'
1845 3769 1968 3818 Non
2011 3775 2217 3831 poterat
2249 3770 2432 3818 melius
2471 3772 2550 3819 vel

1506 3856 1728 3892 summus
1745 3844 1988 3907 scriptor,
2005 3852 2059 3893 et
2073 3845 2354 3894 collatione
2371 3846 2552 3895 talium

1504 3914 1658 3967 facile
1711 3924 1930 3982 apparet
1980 3919 2218 3968 Latinum
2281 3927 2552 3968 auctorem

1504 4006 1638 4050 esse,
1663 4007 1812 4056 quem
1837 4008 1952 4043 cnm
1975 4008 2172 4045 summa
2193 3994 2348 4043 animi
2373 3996 2553 4059 volup·

1504 4074 1614 4118 tate
1635 4070 1864 4133 legimus.
1898 4070 2117 4120 Advers.
2134 4084 2272 4121 nvn.
2293 4074 2375 4120 20.

1570 4145 1600 4206 §
1621 4149 1650 4193 ⁵
1677 4145 1794 4193 Tum
1812 4159 2004 4208 namque
2020 4146 2345 4208 properatim
2363 4146 2553 4208 navigii

1506 4220 1759 4270 inconsulte
1792 4220 1868 4270 usi
1885 4218 2040 4271 ventis
2069 4221 2132 4271 ud
2166 4220 2376 4286 Cyprum
2405 4230 2552 4286 uppe-

2311 4305 2344 4349 2
2379 4302 2427 4352 P
