3173 4957
591 389 723 454 538
1416 398 1724 450 Josm’ffl
1771 398 2024 450 lscAm

590 545 758 628 Ipsa
780 545 979 608 etiam
1008 561 1135 606 eeu
1164 541 1343 604 nulla
1362 541 1533 618 dies,
1566 541 1668 608 sic
1699 561 1846 608 rara
1875 541 2174 624 tyrannis

594 643 916 727 AtropoS,
946 644 1147 725 inque
1169 641 1423 706 animas
1450 643 1690 725 inopes
1717 643 2004 708 audacia
2025 643 2251 726 major.

596 745 945 810 Nutabant
976 743 1220 818 Danai,
1239 742 1519 824 jamque
1543 743 1652 808 his
1681 764 1842 827 spes
1871 743 2059 808 nulla
2087 744 2426 828 triumphi,

597 844 804 910 Nulla
829 846 1006 927 fugae
1040 865 1057 909 z
1102 843 1220 908 sati
1250 843 1548 920 fraudes,
1576 851 1952 910 commenta
1982 844 2302 922 Deorum,

595 947 682 1010 Et
708 947 953 1010 falsum
984 945 1353 1010 Calchanta
1378 943 1631 1021 dolent,
1661 945 2044 1028 reditusque
2075 951 2438 1023 susurrant,
2637 947 2770 1010 285

593 1047 667 1110 Si
700 1047 860 1110 nulli
890 1056 1050 1130 post
1076 1053 1267 1125 terga
1290 1052 1549 1108 metus:
1599 1065 1758 1109 mox
1790 1046 2059 1121 Nestor,
2087 1051 2155 1108 et
2183 1047 2328 1128 ipse

594 1146 879 1237 Beliden
906 1147 1317 1228 Agamemno
1345 1152 1624 1226 rogant:
1665 1153 1864 1227 negat
1892 1146 2030 1222 ille,
2057 1165 2360 1228 suosque

597 1245 1061 1329 Myrmidonas
1093 1247 1159 1311 in
1191 1246 1368 1310 bella
1394 1252 1622 1310 tamen
1647 1247 1956 1310 concedit
1981 1246 2290 1327 agendos.

682 1345 836 1410 Hos
864 1348 984 1410 ubi
1016 1346 1371 1428 conspexit
1397 1345 1636 1428 rapido
1665 1345 1928 1429 prodire
1953 1347 2241 1410 tumultu

594 1447 887 1522 TroiluS‚
914 1446 1044 1510 huc
1074 1447 1471 1524 tendamus&
1486 1447 1603 1525 ait,
1634 1466 1942 1528 quaenam
1972 1446 2120 1510 haec
2149 1465 2321 1510 nova
2352 1447 2606 1528 pubes?
2644 1445 2774 1510 290

596 1547 773 1624 Quis
804 1566 1017 1610 novus
1045 1546 1154 1610 hic
1183 1547 1405 1630 pulvis
1430 1549 1460 1610 ‘l
1507 1565 1596 1610 an
1621 1554 1688 1612 et
1710 1548 1838 1611 hos
1862 1548 1994 1612 huc
2021 1546 2305 1610 destinat
2333 1545 2551 1628 Argos

594 1645 798 1710 Nunc
819 1648 1126 1730 primum,
1154 1655 1223 1710 et
1249 1655 1429 1711 totas
1456 1655 1770 1731 properat
1799 1666 2182 1712 consumere
2211 1649 2382 1712 vires
2403 1649 2434 1709 ‘t

596 1749 691 1812 At
721 1747 959 1831 Superi
990 1747 1263 1828 melius3
1310 1748 1581 1812 deerant
1609 1767 1784 1830 quos
1815 1749 2091 1831 perdere
2121 1767 2414 1832 possem,

596 1849 684 1911 Et
713 1847 947 1931 Stygio
978 1848 1295 1913 mandare
1320 1847 1367 1912 J
1368 1851 1499 1924 ovi,
1530 1849 1925 1932 gladiusque
1955 1850 2235 1914 timebat

596 1947 798 2032 Otia:
842 1947 999 2012 faxo
1024 1949 1225 2029 igitur
1250 1955 1409 2032 post
1437 1949 1722 2013 fulmina
1749 1949 2070 2014 Dardana
2095 1949 2360 2014 discant
2647 1947 2780 2012 295

594 2048 847 2112 Utilius
877 2049 1155 2112 latuisse
1182 2049 1398 2114 domi:
1442 2051 1543 2114 sic
1572 2051 1751 2113 fatus
1783 2051 2174 2134 Hypartum

598 2149 965 2211 Ductorem
987 2149 1195 2222 cunei,
1229 2167 1364 2231 qua
1391 2148 1738 2216 flammeus
1766 2153 1968 2214 umbo
2001 2158 2336 2227 coruscat,

598 2248 869 2313 Robore
891 2249 1193 2314 fraxineo
1223 2249 1385 2328 figit,
1412 2251 1690 2328 teloque
1720 2251 2008 2314 moranti

598 2347 1028 2430 Praecipitem
1058 2348 1397 2428 perturbat
1428 2366 1643 2429 equo:
1691 2348 1862 2412 celer
1891 2349 2004 2411 ille
2036 2351 2322 2430 receptis

600 2446 987 2522 Gressibus,
1016 2447 1420 2530 abjectaque
1449 2447 1664 2525 hasta,
1694 2448 2068 2531 clypeoque
2099 2449 2356 2525 relicto,
2649 2451 2780 2515 300

528 2611 543 2617 ,
598 2547 843 2611 Acrius
866 2547 1219 2635 instantem
1245 2548 1413 2629 sugit
1437 2548 1724 2625 hostem,
1753 2550 1826 2611 in
1855 2554 2078 2613 castra
2105 2549 2418 2613 recedens

599 2647 923 2729 Argolica
949 2668 965 2711 t
1024 2647 1164 2711 illic
1195 2654 1349 2711 ante
1382 2649 1606 2730 ipsum
1636 2656 1968 2714 mactatus
1999 2649 2327 2713 Achillem

598 2748 930 2825 Concidit,
960 2754 1028 2812 et
1054 2748 1207 2811 fuso
1238 2750 1519 2812 tentoria
1550 2751 1873 2830 sanguine
1904 2750 2150 2831 signat.

685 2846 959 2912 Frendit
988 2855 1206 2925 atrox,
1224 2853 1671 2929 quantumque
1696 2851 1932 2931 ingens
1959 2849 2166 2915 dabat
2193 2852 2316 2928 ira,
2347 2850 2664 2915 lacertum

596 2949 814 3028 Erigit
834 2947 1179 3022 AEacides,
1208 2966 1289 3010 ac
1320 2955 1465 3011 toto
1494 2949 1729 3012 robore
1759 2951 1945 3013 nisus
2341 2946 2352 2955 ’
2649 2951 2780 3015 305

597 3048 643 3110 J
648 3066 755 3109 am
785 3064 1225 3129 responsuros
1256 3053 1448 3128 parat
1475 3047 1696 3112 ictus:
1742 3058 2006 3113 venerat
2038 3056 2190 3114 ante

597 3147 871 3211 Lancea
899 3146 1280 3223 Priamidae,
1307 3146 1659 3229 laevesque
1690 3147 2026 3215 invaserat
2055 3170 2276 3214 armos

601 3247 893 3312 Hostis:
939 3253 1009 3311 at
1044 3248 1401 3313 innocuum
1427 3249 1599 3313 fallit
1625 3246 1924 3315 Tritonia
1956 3252 2185 3315 telum.

1514 3410 1663 3432 ‘om
1669 3411 1874 3432 OOOOOOO

661 3512 755 3557 281
792 3509 905 3572 Ipsa
922 3510 1065 3558 etiam
1085 3522 1168 3557 eeu
1189 3510 1320 3559 nulla
1341 3510 1481 3573 Deis,
1511 3511 1726 3561 Carolus
1749 3509 2080 3573 Trognesius.
2123 3509 2259 3558 Vide
2283 3516 2393 3560 not.

1582 3654 1800 3711 NOTAE

664 3755 787 3819 281]
834 3755 949 3817 Ipsa
983 3754 1129 3803 etiam
1168 3768 1251 3803 ceu
1282 3756 1413 3803 natta
1443 3755 1652 3817 die⁸,sic
1733 3754 2180 3817 Pyrgopolynices
2203 3754 2288 3803 ille
2313 3754 2581 3803 Plautinus
2595 3755 2662 3803 de
2678 3770 2784 3803 ma·

601 3848 713 3882 rura
733 3830 950 3895 tyrannis
968 3828 1194 3892 Atropos]
1230 3830 1246 3857 ‘
1273 3830 1401 3878 Dies
1423 3829 1438 3853 ⁹
1460 3842 1574 3881 erat
1598 3832 1652 3880 in
1732 3828 1899 3876 choera
1919 3842 2013 3876 sua
2047 3827 2250 3877 feriata.
2295 3828 2609 3877 Claudianus
2630 3845 2644 3877 τ
2669 3836 2683 3857 ·
2703 3831 2785 3891 ip·

597 3907 761 3958 libris.
828 3905 1041 3954 Carolus
1056 3906 1073 3932 ⁴
1094 3902 1252 3962 Deis:
1267 3904 1458 3952 Sensus
1481 3903 1650 3955 foret:
1731 3917 1816 3952 sos
1835 3904 2038 3965 ignavia
2059 3901 2212 3953 fluxit
2227 3904 2278 3951 iu
2296 3903 2483 3955 enses!
2547 3905 2780 3954 Gunthe·

604 3983 842 4043 Atropon
865 3986 923 4027 ut
949 3979 1079 4025 Deis
1100 3978 1311 4039 nullam,
1342 3979 1415 4027 ita
1439 3979 1651 4041 regibus
1730 3992 1817 4027 rus
1843 3996 1858 4027 ι
1911 3978 1928 4005 ‘
1953 3977 2147 4027 ferrum
2221 3978 2470 4040 sanguine
2525 3977 2785 4042 pascunt!

604 4068 770 4104 raram
791 4052 974 4101 fuisse:
1008 4052 1223 4101 alterum
1248 4066 1388 4110 vero,
1411 4054 1549 4102 nullo
1564 4054 1650 4104 die
1731 4056 2012 4116 Homerus,
2056 4055 2247 4117 Odyss-
2281 4061 2338 4105 n.
2357 4061 2412 4105 et
2431 4063 2486 4107 Τ.
2511 4055 2652 4107 αὐτὸς
2688 4057 2784 4117 γὰρ

495 4156 506 4168 -
602 4130 768 4179 minus
783 4128 835 4175 in
859 4141 1006 4188 regen
1020 4127 1269 4177 soevitum.
1733 4130 1985 4193 ἐφέλκεται
2006 4130 2132 4194 ἄνδρα
2149 4130 2351 4189 σίδηρος.

670 4204 766 4249 204
802 4201 1088 4265 Gladiusque
1136 4202 1329 4251 timebat
1377 4202 1516 4265 ocia]
1565 4202 1653 4252 Ita
