3173 4957
967 388 1061 436 nn
1109 384 1738 438 nunno-'mosano
1789 389 1930 437 mn.
1979 381 2084 438 v1.'

2467 378 2597 442 551

410 527 675 594 Felices
702 529 997 594 habuere
1022 549 1285 608 manns,
1314 531 1569 598 felicior
1598 533 1715 598 illa

408 631 588 710 Quae
620 631 829 696 oaedis
856 633 1307 718 scelerumque
1333 634 1544 711 faces,
1568 634 1858 718 bellique
1885 640 2237 719 tyrannum

406 729 730 809 Abstulit,
752 740 826 798 et
842 733 1137 799 moechos
1165 735 1353 801 dedit
1372 738 1467 801 ire
1488 737 1560 801 in
1588 736 1875 802 Tartara
1904 756 2152 801 manes.

490 834 711 912 Vade,
738 853 1007 912 nocenS,
1041 853 1175 917 quo
1203 855 1387 902 noxa
1415 838 1618 902 trahit
1649 857 1666 902 ι
1711 846 1780 901 te
1805 843 2001 902 sexta
2034 841 2315 903 meretur

400 933 734 1001 Taenariae
767 936 1095 1019 spelunca
1122 938 1385 1017 domus,
1419 939 1480 1002 si
1509 947 1788 1022 quartus
1816 959 2077 1004 amores

2459 940 2592 1008 525

403 1035 691 1100 Tractus
715 1036 937 1116 habet,
963 1038 1365 1123 quintusque
1394 1041 1617 1105 viros:
1663 1048 1736 1106 at
1767 1041 2068 1109 adultera
2098 1043 2312 1108 vitant

404 1135 683 1213 Funera,
713 1143 777 1202 et
801 1137 1056 1204 incesto
1087 1159 1475 1224 congressos
1507 1142 1732 1208 Marte
1766 1150 2100 1225 tyrannos.

401 1236 504 1302 Te
533 1239 738 1321 plaga
768 1239 1165 1324 sulphureas
1191 1241 1509 1308 Titanum
1540 1243 1859 1327 amplexa
1899 1251 2174 1309 catenas
2273 1311 2278 1315 .

404 1339 731 1406 Demerso
761 1341 1072 1406 clausura
1102 1344 1277 1420 sinu,
1310 1363 1447 1408 nox
1476 1345 1734 1420 ultima,
1766 1355 1838 1408 et
1866 1345 2005 1410 ima

404 1439 639 1506 Poscit
667 1442 946 1506 humus:
988 1445 1112 1508 tibi
1162 1445 1337 1529 Styx
1381 1446 1636 1530 odium,
1669 1446 2219 1530 Phlegethonque
2252 1461 2566 1529 vapores,

401 1521 701 1626 Coc'ytus
724 1543 1085 1628 lacrymaS,
1104 1545 1423 1611 Acheron
1449 1548 1746 1614 lamenta
1774 1549 2112 1632 propinat.

2454 1545 2581 1611 531

400 1641 501 1706 Te
529 1653 723 1728 portu
755 1648 1111 1730 proculire
1134 1647 1427 1726 Charon,
1459 1655 1528 1713 et
1558 1650 1785 1714 limine
1815 1655 2012 1732 cogat

404 1742 775 1812 Cerberus:
822 1753 892 1813 at
915 1749 1180 1812 tandem
1202 1768 1353 1812 cum
1364 1749 1509 1831 jam
1538 1752 1970 1814 transmissus
1993 1749 2234 1826 abibis,

404 1843 776 1913 Occurrant
806 1849 1004 1912 Erebi
1034 1855 1285 1931 pestes,
1315 1869 1494 1914 mors
1524 1852 1740 1913 omnis
1770 1850 1839 1912 in
1869 1869 2072 1913 unum

400 1943 757 2013 Acceleret
775 1950 1003 2033 jurata
1030 1955 1277 2032 caputz
1323 1950 1445 2013 tibi
1471 1949 1804 2013 Tantalus
1832 1949 2072 2027 undas,

400 2047 606 2112 Ixion
628 2049 872 2127 radioS,
892 2069 1135 2115 saxum
1162 2051 1520 2115 remeabile
1558 2050 1796 2115 reddat

399 2147 756 2232 SisyphuS,
782 2170 865 2215 ac
890 2150 1131 2234 Tityus
1154 2151 1459 2216 volucres
1485 2171 1501 2214 ι

1545 2152 1698 2216 haec
1729 2153 1979 2234 gaudia
2008 2169 2258 2230 sumaS,

403 2249 585 2314 Dum
611 2272 796 2318 mare
826 2254 1051 2317 sorbet
1076 2271 1309 2336 aquas,
1336 2253 1583 2318 imbres
1604 2254 1766 2318 dum
1793 2254 2062 2320 nuntiat
2091 2252 2244 2321 Iris.

489 2352 861 2438 Postquam
892 2353 1198 2420 Helenen
1224 2354 1515 2438 trepidas
1530 2375 1824 2421 exurens.
1846 2356 2119 2420 nuntius
2151 2373 2341 2425 aures

394 2451 727 2533 Perculit,
760 2455 1000 2537 ingenti
1028 2453 1291 2537 longum
1314 2473 1641 2539 suspensa
1663 2456 1898 2529 dolore

2445 2458 2582 2527 540

1385 2650 1602 2702 Nom-2

465 2766 562 2814 524
587 2762 736 2827 Vade,
766 2776 949 2821 meua,
990 2778 1079 2828 qao
1114 2778 1242 2813 noxa
1274 2760 1457 2827 trahit]

404 2837 634 2893 Coimus,
670 2837 774 2888 Dio
806 2845 861 2888 et
892 2838 1231 2893 Philostratus
1260 2838 1313 2887 in
1343 2838 1452 2889 He-

402 2911 572 2969 reicis,
589 2913 715 2963 item
732 2911 1077 2977 Apollodorus
1104 2920 1160 2962 et
1177 2913 1451 2964 Partheni·

401 3000 461 3035 us
482 2999 559 3038 tv,
583 3002 634 3051 p.
657 2992 773 3038 284.
802 3004 833 3038 a
853 2988 1150 3038 Philoctete
1164 2988 1449 3037 enuntiatum

400 3063 600 3123 volunt,
620 3064 941 3129 eundemque
959 3071 1231 3120 mortuum,
1249 3064 1449 3113 OEnone

400 3136 727 3203 medicinam,
760 3154 909 3205 quam
943 3140 1054 3189 sola
1088 3137 1274 3188 afferre
1305 3146 1449 3200 pote-

404 3220 503 3274 rat,
539 3224 787 3277 negante:
836 3214 928 3264 sed
972 3214 1107 3263 illam
1146 3212 1453 3275 poenitentia

402 3286 609 3337 ductam
629 3289 781 3337 animi
796 3288 973 3338 dolore
993 3288 1279 3353 expirasse.
1314 3288 1451 3337 Thu-

400 3363 601 3426 cydidis
644 3364 860 3415 Graecus
905 3365 1159 3429 interpres
1201 3364 1449 3414 describit

402 3439 781 3500 Philoctetem3
813 3440 906 3490 Διὰ
925 3440 1011 3489 τὸν
1030 3439 1226 3504 Πάριδος
1247 3438 1451 3490 θάνατον

402 3512 597 3571 θήλειαν
616 3512 758 3563 νόσον
774 3513 1059 3577 νοσήσαντα,
1077 3514 1231 3575 καὶμὴ
1245 3515 1449 3580 φέροντα

398 3591 491 3649 τὴν
510 3588 761 3653 αἰσχύνην,
778 3594 876 3641 ὅτε.
900 3603 940 3643 1.
965 3608 1015 3656 p.
1038 3597 1086 3642 9.
1149 3592 1213 3645 Id
1248 3606 1450 3657 quoque

400 3667 797 3729 advertendum,
825 3669 1062 3731 eundem,
1088 3682 1238 3733 quern
1272 3680 1449 3717 omnes

400 3756 523 3792 enm
540 3742 731 3792 Nostro
756 3743 1092 3792 conviciatum
1110 3750 1253 3804 eunt,
1272 3758 1338 3791 ex
1360 3743 1451 3793 ad-

400 3833 551 3869 verso
576 3817 641 3867 ab
665 3818 903 3867 Isocrate
922 3820 1143 3867 maxime
1173 3819 1373 3873 laudari
1399 3820 1450 3868 in

402 3894 636 3947 encomio
674 3893 921 3943 Helenes.
996 3894 1331 3959 Prosequitur
1367 3910 1453 3944 au·

402 3977 508 4019 tem
551 3972 692 4020 illum
738 3969 998 4034 ἀποπομπῇ
1048 3978 1108 4021 ut
1153 3971 1338 4035 Papiri.
1374 3984 1453 4020 xl

403 4048 669 4099 Eteoclen:
706 4054 762 4099 et
802 4047 1298 4111 Polynicem.‘1te
1347 4054 1452 4095 tru-

403 4136 503 4171 ees
512 4122 732 4180 animm?
764 4129 821 4175 ut
845 4121 1158 4174 Claudianus
1194 4121 1383 4174 Ruffin.
1408 4124 1457 4207 in

402 4197 505 4247 fiae
527 4198 659 4248 libri.

1599 2766 1666 2814 Te
1696 2768 1836 2814 sexta
1867 2769 2073 2815 meretur
2105 2760 2338 2813 Teucria
2365 2763 2586 2826 spelunea

1527 2840 1713 2902 domus]
1748 2839 1922 2889 Aliter
1958 2846 2154 2891 tractus
2184 2838 2456 2888 infernales
2479 2839 2583 2887 ‹lis-

1529 2917 1737 2979 tinguit‚
1782 2930 1936 2981 quam
1982 2923 2074 2966 aut
2122 2914 2309 2979 virgil.
2353 2929 2430 2964 vr.
2491 2920 2584 2963 aut

1530 2991 1689 3043 Ovid.
1709 3005 1784 3041 iv.
1807 2991 2085 3042 Metamor.
2140 2990 2295 3040 Silius
2315 2991 2472 3040 etiam
2487 2988 2582 3041 lib.

1531 3080 1660 3115 xnr.
1682 3065 1862 3116 decem
1893 3068 2129 3129 regiones
2159 3066 2267 3115 sive
2300 3066 2582 3114 animarum

1529 3144 1776 3191 stationes
1821 3141 1990 3205 fingit,
2031 3141 2259 3191 diversas
2303 3148 2474 3189 tamen
2513 3138 2582 3188 ab

1530 3218 1636 3267 his:
1690 3219 1766 3266 ita
1810 3224 1868 3264 ut
1910 3217 2034 3266 satit
2077 3223 2345 3279 appareat,
2387 3215 2580 3265 Poiitaa

1530 3290 1705 3340 finium
1729 3290 2092 3353 regundorum,
2115 3290 2401 3354 presertim
2431 3286 2484 3337 in
2505 3291 2581 3337 lo·

1529 3368 1605 3415 cis
1641 3366 1760 3427 illis,
1789 3365 2016 3414 rationes
2047 3366 2329 3429 ignorasse.
2393 3365 2580 3413 Totum

1529 3454 1655 3489 vero
1699 3439 1792 3488 hoc
1827 3439 1892 3486 ad
1929 3438 2269 3487 imitationem
2306 3436 2581 3487 Claudiani

1530 3515 1891 3577 compositum,
1926 3514 2063 3578 quod
2101 3512 2255 3562 facile
2283 3512 2461 3562 unicus
2492 3513 2580 3562 ille

1531 3604 1708 3642 tersus
1739 3594 1966 3654 arguat·
2003 3587 2176 3637 ‘Dum
2220 3601 2359 3637 mare
2405 3586 2582 3637 sorbet

1529 3682 1706 3731 aquas,
1773 3665 1960 3715 imbreo
2013 3664 2134 3712 dum
2190 3664 2392 3713 nuntiat
2446 3660 2582 3712 Iria?

1532 3742 1726 3795 Claud.
1751 3740 1980 3791 carmine
2017 3736 2068 3788 in
2106 3730 2361 3790 Rnffinur'u
2397 3736 2580 3787 eodem

1531 3817 1684 3867 modo
1719 3816 2008 3866 concludit.
2041 3816 2057 3844 ‘
2087 3816 2224 3863 Dum
2264 3819 2404 3863 rotat
2441 3819 2582 3864 astra

1536 3892 1704 3956 polus,
1726 3892 1921 3941 feriunt
1944 3891 2062 3940 dum
2086 3889 2256 3941 sidera
2276 3888 2453 3939 venti-⁸
2573 3922 2578 3925 -

1599 3972 1692 4017 535
1732 3968 1840 4016 Tibi
1865 3966 2092 4017 Tantalus
2111 3966 2279 4028 andan,
2304 3964 2412 4028 qm]
2446 3963 2579 4013 Vide

1536 4058 1612 4093 rv.
1655 4046 1768 4093 2⁰1.
1802 4042 1877 4090 ita
1921 4039 2169 4090 Nazianz.
2215 4038 2489 4102 posteriori
2526 4040 2579 4088 in

1539 4120 1826 4181 Julianum,
1849 4130 2024 4181 poenaa
2042 4117 2128 4164 lias
2153 4115 2228 4165 illi
2249 4115 2584 4211 imprecatur,

1529 4211 1582 4267 p.
1601 4199 1712 4247 132.
