<?xml version="1.0" encoding="UTF-8"?>
<!DOCTYPE html PUBLIC "-//W3C//DTD XHTML 1.0 Transitional//EN"
    "http://www.w3.org/TR/xhtml1/DTD/xhtml1-transitional.dtd">
<html xmlns="http://www.w3.org/1999/xhtml" xml:lang="en" lang="en">
 <head>
  <title>
</title>
<meta http-equiv="Content-Type" content="text/html;charset=utf-8" />
  <meta name='ocr-system' content='tesseract 3.04.00' />
  <meta name='ocr-capabilities' content='ocr_page ocr_carea ocr_par ocr_line ocrx_word'/>
</head>
<body>
  <div class='ocr_page' id='page_1' title='image "./dictyscretensis01dresgoog_0140.png"; bbox 0 0 3173 4957; ppageno 0'>
   <div class='ocr_carea' id='block_1_1' title="bbox 565 373 1965 442">
    <p class='ocr_par' dir='ltr' id='par_1_1' title="bbox 565 373 1965 442">
     <span class='ocr_line' id='line_1_1' title="bbox 565 373 1965 442; baseline -0.008 1"><span class='ocrx_word' id='word_1_1' title='bbox 565 373 696 442; x_wconf 74' lang='lat'><strong>482</strong></span> <span class='ocrx_word' id='word_1_2' title='bbox 1353 385 1663 438; x_wconf 62' lang='lat' dir='ltr'><strong>sessum</strong></span> <span class='ocrx_word' id='word_1_3' title='bbox 1714 384 1965 435; x_wconf 72' lang='lat' dir='ltr'><strong>iscAm</strong></span> 
     </span>
    </p>
   </div>
   <div class='ocr_carea' id='block_1_2' title="bbox 567 497 2767 716">
    <p class='ocr_par' dir='ltr' id='par_1_2' title="bbox 567 497 2767 716">
     <span class='ocr_line' id='line_1_2' title="bbox 569 497 2767 612; baseline -0.001 -16"><span class='ocrx_word' id='word_1_4' title='bbox 569 531 726 596; x_wconf 87' lang='lat' dir='ltr'><strong>Hos</strong></span> <span class='ocrx_word' id='word_1_5' title='bbox 755 539 997 608; x_wconf 85' lang='lat' dir='ltr'><strong>tamen,</strong></span> <span class='ocrx_word' id='word_1_6' title='bbox 1017 531 1152 595; x_wconf 71' lang='lat' dir='ltr'><strong>&#39;hos</strong></span> <span class='ocrx_word' id='word_1_7' title='bbox 1175 529 1382 594; x_wconf 86' lang='lat' dir='ltr'><strong>etiam</strong></span> <span class='ocrx_word' id='word_1_8' title='bbox 1409 546 1633 612; x_wconf 84' lang='lat' dir='ltr'><strong>regum</strong></span> <span class='ocrx_word' id='word_1_9' title='bbox 1657 528 2021 594; x_wconf 81' lang='lat' dir='ltr'><strong>reverentia</strong></span> <span class='ocrx_word' id='word_1_10' title='bbox 2044 497 2281 606; x_wconf 71' lang='lat' dir='ltr'><strong>flectit,</strong></span> <span class='ocrx_word' id='word_1_11' title='bbox 2628 528 2767 609; x_wconf 74' lang='lat'><strong>285</strong></span> 
     </span>
     <span class='ocr_line' id='line_1_3' title="bbox 567 630 2051 716; baseline -0.002 -19"><span class='ocrx_word' id='word_1_12' title='bbox 567 632 658 697; x_wconf 82' lang='lat' dir='ltr'><strong>Et</strong></span> <span class='ocrx_word' id='word_1_13' title='bbox 687 653 970 716; x_wconf 88' lang='lat' dir='ltr'><strong>passura</strong></span> <span class='ocrx_word' id='word_1_14' title='bbox 991 649 1190 715; x_wconf 84' lang='lat' dir='ltr'><strong>pares</strong></span> <span class='ocrx_word' id='word_1_15' title='bbox 1221 649 1500 696; x_wconf 86' lang='lat' dir='ltr'><strong>consors</strong></span> <span class='ocrx_word' id='word_1_16' title='bbox 1529 630 1780 694; x_wconf 80' lang='lat' dir='ltr'><strong>vicinia</strong></span> <span class='ocrx_word' id='word_1_17' title='bbox 1810 637 2051 694; x_wconf 86' lang='lat' dir='ltr'><strong>motus.</strong></span> 
     </span>
    </p>
   </div>
   <div class='ocr_carea' id='block_1_3' title="bbox 451 731 2331 814">
    <p class='ocr_par' dir='ltr' id='par_1_3' title="bbox 451 731 2331 814">
     <span class='ocr_line' id='line_1_4' title="bbox 451 731 2331 814; baseline -0.001 -18"><span class='ocrx_word' id='word_1_18' title='bbox 451 759 466 776; x_wconf 65' lang='lat'><strong>⁴</strong></span> <span class='ocrx_word' id='word_1_19' title='bbox 553 735 559 740; x_wconf 86' lang='lat'>&#39;</span> <span class='ocrx_word' id='word_1_20' title='bbox 655 733 835 814; x_wconf 89' lang='lat' dir='ltr'><strong>Ergo</strong></span> <span class='ocrx_word' id='word_1_21' title='bbox 865 734 1122 798; x_wconf 85' lang='lat' dir='ltr'><strong>animos</strong></span> <span class='ocrx_word' id='word_1_22' title='bbox 1149 732 1416 798; x_wconf 78' lang='lat' dir='ltr'><strong>hebetes</strong></span> <span class='ocrx_word' id='word_1_23' title='bbox 1447 731 1748 796; x_wconf 85' lang='lat' dir='ltr'><strong>mendax</strong></span> <span class='ocrx_word' id='word_1_24' title='bbox 1776 731 2069 796; x_wconf 84' lang='lat' dir='ltr'><strong>audacia</strong></span> <span class='ocrx_word' id='word_1_25' title='bbox 2096 731 2331 796; x_wconf 82' lang='lat' dir='ltr'><strong>frontis</strong></span> 
     </span>
    </p>
   </div>
   <div class='ocr_carea' id='block_1_4' title="bbox 567 832 2763 1630">
    <p class='ocr_par' dir='ltr' id='par_1_4' title="bbox 567 832 2457 917">
     <span class='ocr_line' id='line_1_5' title="bbox 567 832 2457 917; baseline -0.002 -17"><span class='ocrx_word' id='word_1_26' title='bbox 567 835 1006 916; x_wconf 85' lang='lat' dir='ltr'><strong>Dissimulat3</strong></span> <span class='ocrx_word' id='word_1_27' title='bbox 1046 835 1436 917; x_wconf 89' lang='lat' dir='ltr'><strong>clamorque</strong></span> <span class='ocrx_word' id='word_1_28' title='bbox 1462 834 1701 898; x_wconf 83' lang='lat' dir='ltr'><strong>minax</strong></span> <span class='ocrx_word' id='word_1_29' title='bbox 1726 832 2085 914; x_wconf 80' lang='lat' dir='ltr'><strong>despumat</strong></span> <span class='ocrx_word' id='word_1_30' title='bbox 2114 833 2179 896; x_wconf 91' lang='lat' dir='ltr'><strong>in</strong></span> <span class='ocrx_word' id='word_1_31' title='bbox 2204 851 2413 898; x_wconf 88' lang='lat' dir='ltr'><strong>ausus</strong></span> <span class='ocrx_word' id='word_1_32' title='bbox 2440 853 2457 897; x_wconf 76' lang='lat' dir='ltr'><strong>t</strong></span> 
     </span>
    </p>

    <p class='ocr_par' dir='ltr' id='par_1_5' title="bbox 567 933 2443 1018">
     <span class='ocr_line' id='line_1_6' title="bbox 567 933 2443 1018; baseline -0.001 -18"><span class='ocrx_word' id='word_1_33' title='bbox 567 936 778 1002; x_wconf 83' lang='lat' dir='ltr'>Haud</span> <span class='ocrx_word' id='word_1_34' title='bbox 807 955 1016 1013; x_wconf 86' lang='lat' dir='ltr'><strong>mora,</strong></span> <span class='ocrx_word' id='word_1_35' title='bbox 1044 937 1410 1018; x_wconf 89' lang='lat' dir='ltr'><strong>corripiunt</strong></span> <span class='ocrx_word' id='word_1_36' title='bbox 1432 936 1715 1010; x_wconf 81' lang='lat' dir='ltr'><strong>classes,</strong></span> <span class='ocrx_word' id='word_1_37' title='bbox 1746 933 1855 997; x_wconf 87' lang='lat' dir='ltr'><strong>his</strong></span> <span class='ocrx_word' id='word_1_38' title='bbox 1880 934 2175 1016; x_wconf 89' lang='lat' dir='ltr'><strong>pendula</strong></span> <span class='ocrx_word' id='word_1_39' title='bbox 2206 935 2443 1016; x_wconf 81' lang='lat' dir='ltr'><strong>pandit</strong></span> 
     </span>
    </p>

    <p class='ocr_par' dir='ltr' id='par_1_6' title="bbox 568 1035 2763 1218">
     <span class='ocr_line' id='line_1_7' title="bbox 571 1035 2763 1118; baseline -0.001 -15"><span class='ocrx_word' id='word_1_40' title='bbox 571 1039 834 1104; x_wconf 86' lang='lat' dir='ltr'><strong>Dextra</strong></span> <span class='ocrx_word' id='word_1_41' title='bbox 856 1039 1078 1118; x_wconf 86' lang='lat' dir='ltr'><strong>sinus;</strong></span> <span class='ocrx_word' id='word_1_42' title='bbox 1107 1037 1338 1102; x_wconf 85' lang='lat' dir='ltr'><strong>cervix</strong></span> <span class='ocrx_word' id='word_1_43' title='bbox 1366 1036 1542 1101; x_wconf 86' lang='lat' dir='ltr'><strong>alios</strong></span> <span class='ocrx_word' id='word_1_44' title='bbox 1575 1036 1804 1100; x_wconf 83' lang='lat' dir='ltr'><strong>defixa</strong></span> <span class='ocrx_word' id='word_1_45' title='bbox 1830 1035 2072 1116; x_wconf 84' lang='lat' dir='ltr'><strong>fatigat</strong></span> <span class='ocrx_word' id='word_1_46' title='bbox 2628 1037 2763 1102; x_wconf 76' lang='lat'><strong>290</strong></span> 
     </span>
     <span class='ocr_line' id='line_1_8' title="bbox 568 1137 2063 1218; baseline -0.001 -15"><span class='ocrx_word' id='word_1_47' title='bbox 568 1139 650 1203; x_wconf 93' lang='lat' dir='ltr'><strong>In</strong></span> <span class='ocrx_word' id='word_1_48' title='bbox 681 1139 923 1203; x_wconf 84' lang='lat' dir='ltr'><strong>fluctus</strong></span> <span class='ocrx_word' id='word_1_49' title='bbox 952 1140 1168 1203; x_wconf 87' lang='lat' dir='ltr'><strong>latura</strong></span> <span class='ocrx_word' id='word_1_50' title='bbox 1199 1146 1382 1204; x_wconf 86' lang='lat' dir='ltr'><strong>rates</strong></span> <span class='ocrx_word' id='word_1_51' title='bbox 1407 1159 1426 1218; x_wconf 84' lang='lat'><em>3</em></span> <span class='ocrx_word' id='word_1_52' title='bbox 1447 1137 1540 1202; x_wconf 91' lang='lat' dir='ltr'><strong>-hi</strong></span> <span class='ocrx_word' id='word_1_53' title='bbox 1573 1141 1811 1202; x_wconf 87' lang='lat' dir='ltr'><strong>robore</strong></span> <span class='ocrx_word' id='word_1_54' title='bbox 1840 1141 2063 1202; x_wconf 84' lang='lat' dir='ltr'><strong>textas</strong></span> 
     </span>
    </p>

    <p class='ocr_par' dir='ltr' id='par_1_7' title="bbox 567 1237 2271 1319">
     <span class='ocr_line' id='line_1_9' title="bbox 567 1237 2271 1319; baseline 0 -15"><span class='ocrx_word' id='word_1_55' title='bbox 567 1241 935 1305; x_wconf 84' lang='lat' dir='ltr'><strong>AEdificant</strong></span> <span class='ocrx_word' id='word_1_56' title='bbox 959 1242 1029 1304; x_wconf 89' lang='lat' dir='ltr'><strong>in</strong></span> <span class='ocrx_word' id='word_1_57' title='bbox 1058 1246 1354 1306; x_wconf 87' lang='lat' dir='ltr'><strong>transtra</strong></span> <span class='ocrx_word' id='word_1_58' title='bbox 1379 1240 1574 1319; x_wconf 84' lang='lat' dir='ltr'><strong>vias;</strong></span> <span class='ocrx_word' id='word_1_59' title='bbox 1620 1239 1957 1304; x_wconf 85' lang='lat' dir='ltr'><strong>mordacis</strong></span> <span class='ocrx_word' id='word_1_60' title='bbox 1986 1237 2271 1304; x_wconf 75' lang='lat' dir='ltr'><strong>habenae</strong></span> 
     </span>
    </p>

    <p class='ocr_par' dir='ltr' id='par_1_8' title="bbox 569 1341 2160 1424">
     <span class='ocr_line' id='line_1_10' title="bbox 569 1341 2160 1424; baseline -0.002 -17"><span class='ocrx_word' id='word_1_61' title='bbox 569 1342 640 1408; x_wconf 90' lang='lat' dir='ltr'>N</span> <span class='ocrx_word' id='word_1_62' title='bbox 643 1344 886 1407; x_wconf 84' lang='lat' dir='ltr'><strong>exibus</strong></span> <span class='ocrx_word' id='word_1_63' title='bbox 912 1341 1254 1424; x_wconf 83' lang='lat' dir='ltr'><strong>indulgent</strong></span> <span class='ocrx_word' id='word_1_64' title='bbox 1283 1343 1422 1420; x_wconf 89' lang='lat' dir='ltr'><strong>alii,</strong></span> <span class='ocrx_word' id='word_1_65' title='bbox 1449 1343 1817 1423; x_wconf 78' lang='lat' dir='ltr'><strong>laxantque</strong></span> <span class='ocrx_word' id='word_1_66' title='bbox 1852 1341 2116 1405; x_wconf 89' lang='lat' dir='ltr'><strong>carinas</strong></span> <span class='ocrx_word' id='word_1_67' title='bbox 2143 1360 2160 1404; x_wconf 71' lang='grc' dir='ltr'><em>ε</em></span> 
     </span>
    </p>

    <p class='ocr_par' dir='ltr' id='par_1_9' title="bbox 569 1443 2207 1526">
     <span class='ocr_line' id='line_1_11' title="bbox 569 1443 2207 1526; baseline -0.001 -18"><span class='ocrx_word' id='word_1_68' title='bbox 569 1443 740 1510; x_wconf 86' lang='lat' dir='ltr'><strong>Cum</strong></span> <span class='ocrx_word' id='word_1_69' title='bbox 773 1445 1002 1508; x_wconf 88' lang='lat' dir='ltr'><strong>subito</strong></span> <span class='ocrx_word' id='word_1_70' title='bbox 1033 1464 1342 1526; x_wconf 25' lang='lat' dir='ltr'><strong>egres-sos</strong></span> <span class='ocrx_word' id='word_1_71' title='bbox 1370 1444 1648 1526; x_wconf 88' lang='lat' dir='ltr'><strong>inopino</strong></span> <span class='ocrx_word' id='word_1_72' title='bbox 1676 1443 1947 1506; x_wconf 86' lang='lat' dir='ltr'><strong>turbine</strong></span> <span class='ocrx_word' id='word_1_73' title='bbox 1980 1444 2207 1506; x_wconf 86' lang='lat' dir='ltr'><strong>turbat</strong></span> 
     </span>
    </p>

    <p class='ocr_par' dir='ltr' id='par_1_10' title="bbox 569 1542 2763 1630">
     <span class='ocr_line' id='line_1_12' title="bbox 569 1542 2763 1630; baseline -0.001 -19"><span class='ocrx_word' id='word_1_74' title='bbox 569 1546 969 1611; x_wconf 89' lang='lat' dir='ltr'><strong>Nimborum</strong></span> <span class='ocrx_word' id='word_1_75' title='bbox 996 1545 1314 1630; x_wconf 83' lang='lat' dir='ltr'><strong>pincerna</strong></span> <span class='ocrx_word' id='word_1_76' title='bbox 1345 1545 1597 1622; x_wconf 88' lang='lat' dir='ltr'><strong>Notus,</strong></span> <span class='ocrx_word' id='word_1_77' title='bbox 1620 1563 1892 1628; x_wconf 80' lang='lat' dir='ltr'><strong>noxque</strong></span> <span class='ocrx_word' id='word_1_78' title='bbox 1923 1542 2245 1608; x_wconf 86' lang='lat' dir='ltr'><strong>imbribus</strong></span> <span class='ocrx_word' id='word_1_79' title='bbox 2278 1542 2542 1607; x_wconf 84' lang='lat' dir='ltr'><strong>haustis</strong></span> <span class='ocrx_word' id='word_1_80' title='bbox 2628 1543 2763 1609; x_wconf 77' lang='lat'><strong>295</strong></span> 
     </span>
    </p>
   </div>
   <div class='ocr_carea' id='block_1_5' title="bbox 1553 1774 1777 1826">
    <p class='ocr_par' dir='ltr' id='par_1_11' title="bbox 1553 1774 1777 1826">
     <span class='ocr_line' id='line_1_13' title="bbox 1553 1774 1777 1826; baseline -0.013 0"><span class='ocrx_word' id='word_1_81' title='bbox 1553 1774 1777 1826; x_wconf 75' lang='lat' dir='ltr'>NOTAE</span> 
     </span>
    </p>
   </div>
   <div class='ocr_carea' id='block_1_6' title="bbox 565 1885 1643 4284">
    <p class='ocr_par' dir='ltr' id='par_1_12' title="bbox 569 1885 1631 2250">
     <span class='ocr_line' id='line_1_14' title="bbox 571 1885 1629 1953; baseline -0.005 -14"><span class='ocrx_word' id='word_1_82' title='bbox 571 1887 781 1953; x_wconf 89' lang='lat' dir='ltr'><strong>Opponi</strong></span> <span class='ocrx_word' id='word_1_83' title='bbox 805 1894 976 1937; x_wconf 85' lang='lat' dir='ltr'><strong>antem</strong></span> <span class='ocrx_word' id='word_1_84' title='bbox 999 1892 1174 1951; x_wconf 84' lang='lat' dir='ltr'><strong>potest</strong></span> <span class='ocrx_word' id='word_1_85' title='bbox 1207 1887 1333 1936; x_wconf 82' lang='lat' dir='ltr'><strong>illud</strong></span> <span class='ocrx_word' id='word_1_86' title='bbox 1374 1885 1629 1950; x_wconf 80' lang='lat' dir='ltr'><strong>Hegesip·</strong></span> 
     </span>
     <span class='ocr_line' id='line_1_15' title="bbox 569 1962 1631 2028; baseline -0.002 -16"><span class='ocrx_word' id='word_1_87' title='bbox 569 1963 656 2028; x_wconf 83' lang='lat' dir='ltr'><strong>pi:</strong></span> <span class='ocrx_word' id='word_1_88' title='bbox 690 1964 706 1992; x_wconf 85' lang='lat'>‘</span> <span class='ocrx_word' id='word_1_89' title='bbox 731 1964 784 2012; x_wconf 88' lang='lat' dir='ltr'><strong>in</strong></span> <span class='ocrx_word' id='word_1_90' title='bbox 801 1962 965 2012; x_wconf 87' lang='lat' dir='ltr'><strong>milite</strong></span> <span class='ocrx_word' id='word_1_91' title='bbox 983 1963 1130 2012; x_wconf 86' lang='lat' dir='ltr'><strong>unius</strong></span> <span class='ocrx_word' id='word_1_92' title='bbox 1147 1977 1256 2012; x_wconf 88' lang='lat' dir='ltr'><strong>sors</strong></span> <span class='ocrx_word' id='word_1_93' title='bbox 1275 1968 1356 2012; x_wconf 90' lang='lat' dir='ltr'><strong>est</strong></span> <span class='ocrx_word' id='word_1_94' title='bbox 1375 1978 1387 2010; x_wconf 74' lang='grc' dir='ltr'><strong>ι</strong></span> <span class='ocrx_word' id='word_1_95' title='bbox 1427 1963 1478 2010; x_wconf 89' lang='lat' dir='ltr'><strong>in</strong></span> <span class='ocrx_word' id='word_1_96' title='bbox 1495 1962 1631 2012; x_wconf 85' lang='lat' dir='ltr'><strong>duce</strong></span> 
     </span>
     <span class='ocr_line' id='line_1_16' title="bbox 569 2035 1630 2100; baseline -0.002 -14"><span class='ocrx_word' id='word_1_97' title='bbox 569 2037 927 2086; x_wconf 80' lang='lat' dir='ltr'><strong>universorum</strong></span> <span class='ocrx_word' id='word_1_98' title='bbox 971 2035 1295 2100; x_wconf 87' lang='lat' dir='ltr'><strong>periculum,&#39;</strong></span> <span class='ocrx_word' id='word_1_99' title='bbox 1331 2051 1388 2084; x_wconf 83' lang='lat' dir='ltr'><strong>v.</strong></span> <span class='ocrx_word' id='word_1_100' title='bbox 1425 2039 1508 2086; x_wconf 78' lang='lat'><strong>30.</strong></span> <span class='ocrx_word' id='word_1_101' title='bbox 1573 2035 1630 2084; x_wconf 90' lang='lat' dir='ltr'><strong>Si</strong></span> 
     </span>
     <span class='ocr_line' id='line_1_17' title="bbox 569 2113 1631 2176; baseline 0.002 -16"><span class='ocrx_word' id='word_1_102' title='bbox 569 2126 695 2161; x_wconf 83' lang='lat' dir='ltr'><strong>vero</strong></span> <span class='ocrx_word' id='word_1_103' title='bbox 717 2113 943 2160; x_wconf 86' lang='lat' dir='ltr'><strong>omnium</strong></span> <span class='ocrx_word' id='word_1_104' title='bbox 969 2113 1274 2176; x_wconf 87' lang='lat' dir='ltr'><strong>periculum,</strong></span> <span class='ocrx_word' id='word_1_105' title='bbox 1295 2113 1450 2161; x_wconf 87' lang='lat' dir='ltr'><strong>etiam</strong></span> <span class='ocrx_word' id='word_1_106' title='bbox 1467 2114 1631 2176; x_wconf 79' lang='lat' dir='ltr'><strong>gloria</strong></span> 
     </span>
     <span class='ocr_line' id='line_1_18' title="bbox 571 2188 971 2250; baseline -0.003 -13"><span class='ocrx_word' id='word_1_107' title='bbox 571 2201 628 2238; x_wconf 84' lang='lat' dir='ltr'><strong>re</strong></span> <span class='ocrx_word' id='word_1_108' title='bbox 653 2188 783 2236; x_wconf 90' lang='lat' dir='ltr'><strong>bene</strong></span> <span class='ocrx_word' id='word_1_109' title='bbox 806 2196 971 2250; x_wconf 77' lang='lat' dir='ltr'><strong>gesta.</strong></span> 
     </span>
    </p>

    <p class='ocr_par' dir='ltr' id='par_1_13' title="bbox 570 2263 1633 2858">
     <span class='ocr_line' id='line_1_19' title="bbox 635 2263 1631 2327; baseline 0.001 -14"><span class='ocrx_word' id='word_1_110' title='bbox 635 2267 732 2314; x_wconf 77' lang='grc'><strong>285</strong></span> <span class='ocrx_word' id='word_1_111' title='bbox 766 2265 838 2311; x_wconf 82' lang='lat' dir='ltr'><strong>Et</strong></span> <span class='ocrx_word' id='word_1_112' title='bbox 861 2278 1062 2325; x_wconf 77' lang='lat' dir='ltr'><strong>passura</strong></span> <span class='ocrx_word' id='word_1_113' title='bbox 1075 2278 1214 2327; x_wconf 80' lang='lat' dir='ltr'><strong>pares</strong></span> <span class='ocrx_word' id='word_1_114' title='bbox 1235 2277 1424 2312; x_wconf 71' lang='lat' dir='ltr'><strong>consors</strong></span> <span class='ocrx_word' id='word_1_115' title='bbox 1452 2263 1631 2314; x_wconf 73' lang='lat' dir='ltr'><strong>vicinia</strong></span> 
     </span>
     <span class='ocr_line' id='line_1_20' title="bbox 570 2336 1630 2402; baseline 0.001 -16"><span class='ocrx_word' id='word_1_116' title='bbox 570 2336 746 2399; x_wconf 79' lang='lat' dir='ltr'><strong>motus]</strong></span> <span class='ocrx_word' id='word_1_117' title='bbox 791 2338 1122 2399; x_wconf 83' lang='lat' dir='ltr'><strong>Symmachus</strong></span> <span class='ocrx_word' id='word_1_118' title='bbox 1144 2355 1156 2384; x_wconf 87' lang='lat'><em>=</em></span> <span class='ocrx_word' id='word_1_119' title='bbox 1203 2340 1218 2366; x_wconf 81' lang='lat'>⁸</span> <span class='ocrx_word' id='word_1_120' title='bbox 1238 2337 1472 2387; x_wconf 82' lang='lat' dir='ltr'><strong>Adversa</strong></span> <span class='ocrx_word' id='word_1_121' title='bbox 1513 2353 1630 2402; x_wconf 86' lang='lat' dir='ltr'><strong>quae</strong></span> 
     </span>
     <span class='ocr_line' id='line_1_21' title="bbox 572 2414 1629 2478; baseline 0 -16"><span class='ocrx_word' id='word_1_122' title='bbox 572 2429 688 2463; x_wconf 87' lang='lat' dir='ltr'><strong>cnm</strong></span> <span class='ocrx_word' id='word_1_123' title='bbox 711 2415 936 2478; x_wconf 83' lang='lat' dir='ltr'><strong>pluribus</strong></span> <span class='ocrx_word' id='word_1_124' title='bbox 963 2414 1242 2477; x_wconf 80' lang='lat' dir='ltr'><strong>pertulisti,</strong></span> <span class='ocrx_word' id='word_1_125' title='bbox 1259 2428 1403 2462; x_wconf 86' lang='lat' dir='ltr'><strong>more</strong></span> <span class='ocrx_word' id='word_1_126' title='bbox 1425 2415 1629 2463; x_wconf 86' lang='lat' dir='ltr'><strong>humani</strong></span> 
     </span>
     <span class='ocr_line' id='line_1_22' title="bbox 570 2490 1630 2554; baseline 0 -15"><span class='ocrx_word' id='word_1_127' title='bbox 570 2491 766 2553; x_wconf 83' lang='lat' dir='ltr'><strong>ingenii</strong></span> <span class='ocrx_word' id='word_1_128' title='bbox 803 2491 994 2540; x_wconf 84' lang='lat' dir='ltr'><strong>habent</strong></span> <span class='ocrx_word' id='word_1_129' title='bbox 1027 2490 1232 2554; x_wconf 79' lang='lat' dir='ltr'><strong>aliquod</strong></span> <span class='ocrx_word' id='word_1_130' title='bbox 1278 2490 1343 2539; x_wconf 88' lang='lat' dir='ltr'><strong>de</strong></span> <span class='ocrx_word' id='word_1_131' title='bbox 1375 2491 1630 2539; x_wconf 83' lang='lat' dir='ltr'><strong>societate</strong></span> 
     </span>
     <span class='ocr_line' id='line_1_23' title="bbox 570 2564 1632 2631; baseline -0.002 -16"><span class='ocrx_word' id='word_1_132' title='bbox 570 2568 804 2615; x_wconf 86' lang='lat' dir='ltr'><strong>solatium</strong></span> <span class='ocrx_word' id='word_1_133' title='bbox 811 2566 845 2631; x_wconf 81' lang='lat'><strong>‚³</strong></span> <span class='ocrx_word' id='word_1_134' title='bbox 867 2580 991 2617; x_wconf 84' lang='lat' dir='ltr'><strong>vm.</strong></span> <span class='ocrx_word' id='word_1_135' title='bbox 1005 2567 1104 2629; x_wconf 97' lang='lat' dir='ltr'><strong>Ep.</strong></span> <span class='ocrx_word' id='word_1_136' title='bbox 1119 2570 1202 2615; x_wconf 74' lang='lat'><strong>27.</strong></span> <span class='ocrx_word' id='word_1_137' title='bbox 1220 2564 1394 2615; x_wconf 89' lang='lat' dir='ltr'><strong>Multa</strong></span> <span class='ocrx_word' id='word_1_138' title='bbox 1411 2566 1478 2613; x_wconf 90' lang='lat' dir='ltr'><strong>de</strong></span> <span class='ocrx_word' id='word_1_139' title='bbox 1496 2565 1632 2627; x_wconf 83' lang='lat' dir='ltr'><strong>vulgi</strong></span> 
     </span>
     <span class='ocr_line' id='line_1_24' title="bbox 570 2637 1633 2705; baseline -0.002 -14"><span class='ocrx_word' id='word_1_140' title='bbox 570 2642 672 2693; x_wconf 89' lang='lat' dir='ltr'><strong>ista</strong></span> <span class='ocrx_word' id='word_1_141' title='bbox 695 2637 936 2705; x_wconf 83' lang='lat' dir='ltr'><strong>opinione</strong></span> <span class='ocrx_word' id='word_1_142' title='bbox 959 2642 1098 2705; x_wconf 88' lang='lat' dir='ltr'><strong>apud</strong></span> <span class='ocrx_word' id='word_1_143' title='bbox 1124 2642 1376 2691; x_wconf 77' lang='lat' dir='ltr'><strong>Senecam</strong></span> <span class='ocrx_word' id='word_1_144' title='bbox 1401 2641 1450 2689; x_wconf 90' lang='lat' dir='ltr'><strong>in</strong></span> <span class='ocrx_word' id='word_1_145' title='bbox 1471 2642 1633 2690; x_wconf 84' lang='lat' dir='ltr'><strong>Troa-</strong></span> 
     </span>
     <span class='ocr_line' id='line_1_25' title="bbox 572 2716 1633 2781; baseline -0.002 -14"><span class='ocrx_word' id='word_1_146' title='bbox 572 2718 656 2767; x_wconf 88' lang='lat' dir='ltr'><strong>de.</strong></span> <span class='ocrx_word' id='word_1_147' title='bbox 711 2720 944 2768; x_wconf 88' lang='lat' dir='ltr'><strong>Lucanns</strong></span> <span class='ocrx_word' id='word_1_148' title='bbox 980 2733 1043 2767; x_wconf 89' lang='lat' dir='ltr'><strong>eo</strong></span> <span class='ocrx_word' id='word_1_149' title='bbox 1090 2718 1342 2781; x_wconf 80' lang='lat' dir='ltr'><strong>respexit,</strong></span> <span class='ocrx_word' id='word_1_150' title='bbox 1385 2731 1503 2765; x_wconf 91' lang='lat' dir='ltr'><strong>cum</strong></span> <span class='ocrx_word' id='word_1_151' title='bbox 1537 2716 1633 2779; x_wconf 83' lang='lat' dir='ltr'><strong>ait,</strong></span> 
     </span>
     <span class='ocr_line' id='line_1_26' title="bbox 572 2791 1546 2858; baseline -0.003 -15"><span class='ocrx_word' id='word_1_152' title='bbox 572 2795 588 2822; x_wconf 82' lang='lat'>⁸</span> <span class='ocrx_word' id='word_1_153' title='bbox 604 2801 840 2858; x_wconf 81' lang='lat' dir='ltr'><strong>quaerunt</strong></span> <span class='ocrx_word' id='word_1_154' title='bbox 864 2794 992 2842; x_wconf 87' lang='lat' dir='ltr'><strong>Cum</strong></span> <span class='ocrx_word' id='word_1_155' title='bbox 1019 2808 1120 2857; x_wconf 88' lang='lat' dir='ltr'><strong>qna</strong></span> <span class='ocrx_word' id='word_1_156' title='bbox 1142 2798 1298 2855; x_wconf 82' lang='lat' dir='ltr'><strong>gente</strong></span> <span class='ocrx_word' id='word_1_157' title='bbox 1321 2791 1546 2841; x_wconf 59' lang='lat' dir='ltr'><strong>cadant?</strong></span> 
     </span>
    </p>

    <p class='ocr_par' dir='ltr' id='par_1_14' title="bbox 573 2868 1639 4123">
     <span class='ocr_line' id='line_1_27' title="bbox 634 2868 1635 2931; baseline -0.004 -10"><span class='ocrx_word' id='word_1_158' title='bbox 634 2875 733 2921; x_wconf 79' lang='lat'><strong>288</strong></span> <span class='ocrx_word' id='word_1_159' title='bbox 771 2872 1050 2931; x_wconf 74' lang='lat' dir='ltr'><strong>clamorque</strong></span> <span class='ocrx_word' id='word_1_160' title='bbox 1090 2868 1254 2917; x_wconf 72' lang='lat' dir='ltr'><strong>minax</strong></span> <span class='ocrx_word' id='word_1_161' title='bbox 1297 2869 1538 2929; x_wconf 75' lang='lat' dir='ltr'><strong>despumat</strong></span> <span class='ocrx_word' id='word_1_162' title='bbox 1581 2868 1635 2917; x_wconf 71' lang='lat' dir='ltr'><strong>in</strong></span> 
     </span>
     <span class='ocr_line' id='line_1_28' title="bbox 573 2942 1637 3007; baseline -0.001 -14"><span class='ocrx_word' id='word_1_163' title='bbox 573 2946 739 3007; x_wconf 77' lang='lat' dir='ltr'><strong>ausus]</strong></span> <span class='ocrx_word' id='word_1_164' title='bbox 775 2945 974 2993; x_wconf 82' lang='lat' dir='ltr'><strong>Seneca</strong></span> <span class='ocrx_word' id='word_1_165' title='bbox 1022 2944 1122 3006; x_wconf 90' lang='lat' dir='ltr'><strong>Ep.</strong></span> <span class='ocrx_word' id='word_1_166' title='bbox 1169 2946 1251 2991; x_wconf 84' lang='grc'><strong>68.</strong></span> <span class='ocrx_word' id='word_1_167' title='bbox 1297 2943 1312 2969; x_wconf 93' lang='lat'>‘</span> <span class='ocrx_word' id='word_1_168' title='bbox 1331 2942 1461 2991; x_wconf 85' lang='lat' dir='ltr'><strong>Haec</strong></span> <span class='ocrx_word' id='word_1_169' title='bbox 1506 2950 1637 2992; x_wconf 81' lang='lat' dir='ltr'><strong>aetas</strong></span> 
     </span>
     <span class='ocr_line' id='line_1_29' title="bbox 573 3016 1635 3082; baseline -0.003 -13"><span class='ocrx_word' id='word_1_170' title='bbox 573 3019 770 3082; x_wconf 86' lang='lat' dir='ltr'><strong>optime</strong></span> <span class='ocrx_word' id='word_1_171' title='bbox 805 3018 930 3067; x_wconf 85' lang='lat' dir='ltr'><strong>facit</strong></span> <span class='ocrx_word' id='word_1_172' title='bbox 954 3018 1018 3066; x_wconf 86' lang='lat' dir='ltr'><strong>ad</strong></span> <span class='ocrx_word' id='word_1_173' title='bbox 1050 3019 1158 3067; x_wconf 79' lang='lat' dir='ltr'><strong>haec</strong></span> <span class='ocrx_word' id='word_1_174' title='bbox 1181 3016 1381 3079; x_wconf 79' lang='lat' dir='ltr'><strong>studia,</strong></span> <span class='ocrx_word' id='word_1_175' title='bbox 1403 3018 1512 3081; x_wconf 86' lang='lat' dir='ltr'><strong>jam</strong></span> <span class='ocrx_word' id='word_1_176' title='bbox 1545 3018 1635 3067; x_wconf 87' lang='lat' dir='ltr'><strong>de·</strong></span> 
     </span>
     <span class='ocr_line' id='line_1_30' title="bbox 575 3092 1635 3157; baseline 0 -14"><span class='ocrx_word' id='word_1_177' title='bbox 575 3094 855 3157; x_wconf 79' lang='lat' dir='ltr'><strong>spumavit,</strong></span> <span class='ocrx_word' id='word_1_178' title='bbox 889 3094 1000 3157; x_wconf 83' lang='lat' dir='ltr'><strong>jam</strong></span> <span class='ocrx_word' id='word_1_179' title='bbox 1036 3092 1163 3141; x_wconf 83' lang='lat' dir='ltr'><strong>vitia</strong></span> <span class='ocrx_word' id='word_1_180' title='bbox 1211 3092 1377 3155; x_wconf 86' lang='lat' dir='ltr'><strong>primo</strong></span> <span class='ocrx_word' id='word_1_181' title='bbox 1428 3092 1635 3143; x_wconf 82' lang='lat' dir='ltr'><strong>fervore</strong></span> 
     </span>
     <span class='ocr_line' id='line_1_31' title="bbox 575 3164 1639 3222; baseline -0.003 0"><span class='ocrx_word' id='word_1_182' title='bbox 575 3164 944 3222; x_wconf 69' lang='lat' dir='ltr'><strong>adolescentiae</strong></span> <span class='ocrx_word' id='word_1_183' title='bbox 969 3168 1219 3218; x_wconf 82' lang='lat' dir='ltr'><strong>indomita</strong></span> <span class='ocrx_word' id='word_1_184' title='bbox 1241 3169 1486 3221; x_wconf 75' lang='lat' dir='ltr'><strong>lassavit-⁹</strong></span> <span class='ocrx_word' id='word_1_185' title='bbox 1534 3171 1639 3221; x_wconf 88' lang='lat' dir='ltr'><strong>Lu-</strong></span> 
     </span>
     <span class='ocr_line' id='line_1_32' title="bbox 575 3244 1637 3309; baseline 0.002 -16"><span class='ocrx_word' id='word_1_186' title='bbox 575 3258 733 3293; x_wconf 80' lang='lat' dir='ltr'><strong>canus</strong></span> <span class='ocrx_word' id='word_1_187' title='bbox 753 3258 830 3295; x_wconf 78' lang='lat' dir='ltr'><strong>vr.</strong></span> <span class='ocrx_word' id='word_1_188' title='bbox 862 3247 878 3275; x_wconf 74' lang='lat'><em>⁴</em></span> <span class='ocrx_word' id='word_1_189' title='bbox 901 3246 1086 3295; x_wconf 89' lang='lat' dir='ltr'><strong>Donec</strong></span> <span class='ocrx_word' id='word_1_190' title='bbox 1109 3244 1400 3307; x_wconf 83' lang='lat' dir='ltr'><strong>suppositas</strong></span> <span class='ocrx_word' id='word_1_191' title='bbox 1424 3246 1637 3309; x_wconf 82' lang='lat' dir='ltr'><strong>propior</strong></span> 
     </span>
     <span class='ocr_line' id='line_1_33' title="bbox 575 3319 1636 3383; baseline 0.003 -14"><span class='ocrx_word' id='word_1_192' title='bbox 575 3320 852 3383; x_wconf 85' lang='lat' dir='ltr'><strong>despumet</strong></span> <span class='ocrx_word' id='word_1_193' title='bbox 885 3321 938 3369; x_wconf 86' lang='lat' dir='ltr'><strong>in</strong></span> <span class='ocrx_word' id='word_1_194' title='bbox 978 3319 1197 3370; x_wconf 60' lang='lat' dir='ltr'><strong>herbas?</strong></span> <span class='ocrx_word' id='word_1_195' title='bbox 1259 3321 1479 3371; x_wconf 79' lang='lat' dir='ltr'><strong>Tertull.</strong></span> <span class='ocrx_word' id='word_1_196' title='bbox 1503 3322 1636 3373; x_wconf 90' lang='lat' dir='ltr'><strong>libro</strong></span> 
     </span>
     <span class='ocr_line' id='line_1_34' title="bbox 575 3396 1637 3447; baseline 0 0"><span class='ocrx_word' id='word_1_197' title='bbox 575 3396 641 3447; x_wconf 78' lang='lat' dir='ltr'><strong>de</strong></span> <span class='ocrx_word' id='word_1_198' title='bbox 665 3397 834 3445; x_wconf 69' lang='lat' dir='ltr'><strong>aniana</strong></span> <span class='ocrx_word' id='word_1_199' title='bbox 855 3411 902 3447; x_wconf 84' lang='lat' dir='ltr'><strong>e.</strong></span> <span class='ocrx_word' id='word_1_200' title='bbox 919 3400 1004 3447; x_wconf 77' lang='lat'><strong>2⁷.</strong></span> <span class='ocrx_word' id='word_1_201' title='bbox 1021 3398 1037 3425; x_wconf 90' lang='lat'>‘</span> <span class='ocrx_word' id='word_1_202' title='bbox 1057 3397 1191 3446; x_wconf 85' lang='lat' dir='ltr'><strong>Toto</strong></span> <span class='ocrx_word' id='word_1_203' title='bbox 1203 3396 1408 3445; x_wconf 83' lang='lat' dir='ltr'><strong>homine</strong></span> <span class='ocrx_word' id='word_1_204' title='bbox 1421 3412 1637 3447; x_wconf 85' lang='lat' dir='ltr'><strong>concus-</strong></span> 
     </span>
     <span class='ocr_line' id='line_1_35' title="bbox 573 3470 1635 3534; baseline 0.007 -16"><span class='ocrx_word' id='word_1_205' title='bbox 573 3484 632 3519; x_wconf 86' lang='lat' dir='ltr'><strong>so</strong></span> <span class='ocrx_word' id='word_1_206' title='bbox 649 3470 923 3534; x_wconf 83' lang='lat' dir='ltr'><strong>despumat</strong></span> <span class='ocrx_word' id='word_1_207' title='bbox 941 3472 992 3520; x_wconf 89' lang='lat' dir='ltr'><strong>in</strong></span> <span class='ocrx_word' id='word_1_208' title='bbox 1015 3486 1187 3523; x_wconf 84' lang='lat' dir='ltr'><strong>semen</strong></span> <span class='ocrx_word' id='word_1_209' title='bbox 1209 3473 1368 3521; x_wconf 88' lang='lat' dir='ltr'><strong>totius</strong></span> <span class='ocrx_word' id='word_1_210' title='bbox 1387 3472 1635 3525; x_wconf 85' lang='lat' dir='ltr'><strong>hominis.’</strong></span> 
     </span>
     <span class='ocr_line' id='line_1_36' title="bbox 577 3546 1639 3611; baseline 0.004 -16"><span class='ocrx_word' id='word_1_211' title='bbox 577 3546 926 3611; x_wconf 81' lang='lat' dir='ltr'><strong>Hieronymus</strong></span> <span class='ocrx_word' id='word_1_212' title='bbox 937 3548 1036 3611; x_wconf 89' lang='lat' dir='ltr'><strong>Ep.</strong></span> <span class='ocrx_word' id='word_1_213' title='bbox 1059 3548 1074 3575; x_wconf 91' lang='lat'>‘</span> <span class='ocrx_word' id='word_1_214' title='bbox 1085 3548 1317 3599; x_wconf 81' lang='lat' dir='ltr'><strong>Quarum</strong></span> <span class='ocrx_word' id='word_1_215' title='bbox 1332 3546 1506 3599; x_wconf 81' lang='lat' dir='ltr'><strong>fervor</strong></span> <span class='ocrx_word' id='word_1_216' title='bbox 1523 3550 1639 3599; x_wconf 88' lang='lat' dir='ltr'><strong>des·</strong></span> 
     </span>
     <span class='ocr_line' id='line_1_37' title="bbox 575 3622 1637 3685; baseline 0.005 -15"><span class='ocrx_word' id='word_1_217' title='bbox 575 3630 755 3684; x_wconf 86' lang='lat' dir='ltr'><strong>pumat</strong></span> <span class='ocrx_word' id='word_1_218' title='bbox 771 3623 1001 3685; x_wconf 82' lang='lat' dir='ltr'><strong>coitum,’</strong></span> <span class='ocrx_word' id='word_1_219' title='bbox 1017 3622 1354 3685; x_wconf 57' lang='grc' dir='ltr'><strong>ἂψροδισράζει.</strong></span> <span class='ocrx_word' id='word_1_220' title='bbox 1373 3624 1637 3675; x_wconf 84' lang='lat' dir='ltr'><strong>Adversus</strong></span> 
     </span>
     <span class='ocr_line' id='line_1_38' title="bbox 573 3697 1639 3762; baseline 0.001 -14"><span class='ocrx_word' id='word_1_221' title='bbox 573 3697 833 3749; x_wconf 70' lang='lat' dir='ltr'><strong>Jovinian.</strong></span> <span class='ocrx_word' id='word_1_222' title='bbox 859 3713 899 3749; x_wconf 88' lang='lat'><strong>1.</strong></span> <span class='ocrx_word' id='word_1_223' title='bbox 952 3700 968 3728; x_wconf 84' lang='lat'>‘</span> <span class='ocrx_word' id='word_1_224' title='bbox 983 3706 1100 3762; x_wconf 83' lang='lat' dir='ltr'><strong>post</strong></span> <span class='ocrx_word' id='word_1_225' title='bbox 1145 3699 1477 3761; x_wconf 80' lang='lat' dir='ltr'><strong>despumatas</strong></span> <span class='ocrx_word' id='word_1_226' title='bbox 1520 3714 1639 3749; x_wconf 85' lang='lat' dir='ltr'><strong>cor-</strong></span> 
     </span>
     <span class='ocr_line' id='line_1_39' title="bbox 575 3773 1636 3837; baseline 0.002 -16"><span class='ocrx_word' id='word_1_227' title='bbox 575 3774 717 3834; x_wconf 84' lang='lat' dir='ltr'><strong>poris</strong></span> <span class='ocrx_word' id='word_1_228' title='bbox 763 3773 1084 3837; x_wconf 57' lang='lat' dir='ltr'><strong>voluptates?</strong></span> <span class='ocrx_word' id='word_1_229' title='bbox 1158 3773 1296 3823; x_wconf 86' lang='lat' dir='ltr'><strong>Item</strong></span> <span class='ocrx_word' id='word_1_230' title='bbox 1341 3774 1508 3835; x_wconf 86' lang='lat' dir='ltr'><strong>Epist.</strong></span> <span class='ocrx_word' id='word_1_231' title='bbox 1553 3778 1636 3825; x_wconf 81' lang='grc'><strong>49.</strong></span> 
     </span>
     <span class='ocr_line' id='line_1_40' title="bbox 575 3846 1637 3910; baseline 0.002 -13"><span class='ocrx_word' id='word_1_232' title='bbox 575 3850 591 3876; x_wconf 92' lang='lat'>‘</span> <span class='ocrx_word' id='word_1_233' title='bbox 611 3848 772 3899; x_wconf 83' lang='lat' dir='ltr'><strong>habet</strong></span> <span class='ocrx_word' id='word_1_234' title='bbox 805 3851 938 3897; x_wconf 87' lang='lat' dir='ltr'><strong>enim</strong></span> <span class='ocrx_word' id='word_1_235' title='bbox 973 3849 1038 3897; x_wconf 87' lang='lat' dir='ltr'><strong>ad</strong></span> <span class='ocrx_word' id='word_1_236' title='bbox 1063 3846 1442 3910; x_wconf 73' lang='lat' dir='ltr'><strong>despumandas</strong></span> <span class='ocrx_word' id='word_1_237' title='bbox 1463 3848 1637 3899; x_wconf 87' lang='lat' dir='ltr'><strong>libidi-</strong></span> 
     </span>
     <span class='ocr_line' id='line_1_41' title="bbox 575 3920 1635 3985; baseline 0.005 -15"><span class='ocrx_word' id='word_1_238' title='bbox 575 3935 668 3971; x_wconf 86' lang='lat' dir='ltr'><strong>nes</strong></span> <span class='ocrx_word' id='word_1_239' title='bbox 691 3924 874 3973; x_wconf 81' lang='lat' dir='ltr'><strong>solatia</strong></span> <span class='ocrx_word' id='word_1_240' title='bbox 893 3922 1224 3985; x_wconf 67' lang='lat' dir='ltr'><strong>nuptiarum?</strong></span> <span class='ocrx_word' id='word_1_241' title='bbox 1289 3920 1430 3973; x_wconf 81' lang='lat' dir='ltr'><strong>Alibi</strong></span> <span class='ocrx_word' id='word_1_242' title='bbox 1464 3922 1635 3975; x_wconf 78' lang='lat' dir='ltr'><strong>idern:</strong></span> 
     </span>
     <span class='ocr_line' id='line_1_42' title="bbox 574 3997 1639 4061; baseline 0.002 -14"><span class='ocrx_word' id='word_1_243' title='bbox 574 3997 590 4025; x_wconf 87' lang='lat'>‘</span> <span class='ocrx_word' id='word_1_244' title='bbox 607 3998 807 4047; x_wconf 84' lang='lat' dir='ltr'><strong>Venter</strong></span> <span class='ocrx_word' id='word_1_245' title='bbox 828 4012 972 4049; x_wconf 87' lang='lat' dir='ltr'><strong>mero</strong></span> <span class='ocrx_word' id='word_1_246' title='bbox 993 4004 1216 4047; x_wconf 81' lang='lat' dir='ltr'><strong>aestuans</strong></span> <span class='ocrx_word' id='word_1_247' title='bbox 1237 3998 1342 4047; x_wconf 83' lang='lat' dir='ltr'><strong>cito</strong></span> <span class='ocrx_word' id='word_1_248' title='bbox 1363 3998 1639 4061; x_wconf 81' lang='lat' dir='ltr'><strong>despumat</strong></span> 
     </span>
     <span class='ocr_line' id='line_1_43' title="bbox 576 4070 952 4123; baseline 0.005 -4"><span class='ocrx_word' id='word_1_249' title='bbox 576 4070 632 4119; x_wconf 89' lang='lat' dir='ltr'><strong>in</strong></span> <span class='ocrx_word' id='word_1_250' title='bbox 653 4072 952 4123; x_wconf 86' lang='lat' dir='ltr'><strong>libidinem.&#39;</strong></span> 
     </span>
    </p>

    <p class='ocr_par' dir='ltr' id='par_1_15' title="bbox 565 4147 1643 4284">
     <span class='ocr_line' id='line_1_44' title="bbox 642 4147 1643 4212; baseline 0.005 -18"><span class='ocrx_word' id='word_1_251' title='bbox 642 4148 740 4195; x_wconf 78' lang='lat'><strong>290</strong></span> <span class='ocrx_word' id='word_1_252' title='bbox 781 4148 963 4195; x_wconf 72' lang='lat' dir='ltr'><strong>Ceu-vix</strong></span> <span class='ocrx_word' id='word_1_253' title='bbox 1004 4147 1122 4201; x_wconf 74' lang='lat' dir='ltr'><strong>alios</strong></span> <span class='ocrx_word' id='word_1_254' title='bbox 1156 4147 1320 4212; x_wconf 63' lang='lat' dir='ltr'><strong>defixa</strong></span> <span class='ocrx_word' id='word_1_255' title='bbox 1346 4147 1538 4209; x_wconf 75' lang='lat' dir='ltr'><strong>fatigat</strong></span> <span class='ocrx_word' id='word_1_256' title='bbox 1577 4149 1643 4199; x_wconf 73' lang='lat' dir='ltr'><strong>In</strong></span> 
     </span>
     <span class='ocr_line' id='line_1_45' title="bbox 565 4216 1641 4284; baseline 0.004 -13"><span class='ocrx_word' id='word_1_257' title='bbox 565 4216 754 4282; x_wconf 75' lang='lat' dir='ltr'><strong>fluctus</strong></span> <span class='ocrx_word' id='word_1_258' title='bbox 774 4222 932 4271; x_wconf 72' lang='lat' dir='ltr'><strong>latura</strong></span> <span class='ocrx_word' id='word_1_259' title='bbox 963 4221 1118 4284; x_wconf 78' lang='lat' dir='ltr'><strong>rates]</strong></span> <span class='ocrx_word' id='word_1_260' title='bbox 1152 4222 1288 4272; x_wconf 85' lang='lat' dir='ltr'><strong>Vide</strong></span> <span class='ocrx_word' id='word_1_261' title='bbox 1329 4235 1419 4273; x_wconf 84' lang='grc' dir='ltr'><strong>ιιι.</strong></span> <span class='ocrx_word' id='word_1_262' title='bbox 1451 4227 1561 4275; x_wconf 75' lang='grc'><strong>176.</strong></span> <span class='ocrx_word' id='word_1_263' title='bbox 1584 4230 1641 4277; x_wconf 83' lang='lat' dir='ltr'><strong>et</strong></span> 
     </span>
    </p>
   </div>
   <div class='ocr_carea' id='block_1_7' title="bbox 1710 1887 2783 4291">
    <p class='ocr_par' dir='ltr' id='par_1_16' title="bbox 1710 1887 2774 2542">
     <span class='ocr_line' id='line_1_46' title="bbox 1710 1887 2771 1952; baseline 0.002 -18"><span class='ocrx_word' id='word_1_264' title='bbox 1710 1900 1773 1936; x_wconf 81' lang='grc' dir='ltr'><strong>ιι.</strong></span> <span class='ocrx_word' id='word_1_265' title='bbox 1830 1889 1941 1935; x_wconf 82' lang='grc'><strong>185.</strong></span> <span class='ocrx_word' id='word_1_266' title='bbox 1990 1887 2244 1937; x_wconf 57' lang='lat' dir='ltr'><strong>succollat-0</strong></span> <span class='ocrx_word' id='word_1_267' title='bbox 2268 1887 2528 1938; x_wconf 67' lang='lat' dir='ltr'><strong>⁴dicuntur·</strong></span> <span class='ocrx_word' id='word_1_268' title='bbox 2582 1888 2771 1952; x_wconf 87' lang='lat' dir='ltr'><strong>Plinio,</strong></span> 
     </span>
     <span class='ocr_line' id='line_1_47' title="bbox 1710 1963 2772 2028; baseline 0.002 -16"><span class='ocrx_word' id='word_1_269' title='bbox 1710 1963 1961 2012; x_wconf 85' lang='lat' dir='ltr'><strong>Suetonio</strong></span> <span class='ocrx_word' id='word_1_270' title='bbox 1982 1970 2041 2012; x_wconf 91' lang='lat' dir='ltr'><strong>et</strong></span> <span class='ocrx_word' id='word_1_271' title='bbox 2055 1965 2297 2027; x_wconf 79' lang='lat' dir='ltr'><strong>Varroni,</strong></span> <span class='ocrx_word' id='word_1_272' title='bbox 2319 1965 2407 2028; x_wconf 85' lang='lat' dir='ltr'><strong>qni</strong></span> <span class='ocrx_word' id='word_1_273' title='bbox 2425 1979 2553 2015; x_wconf 87' lang='lat' dir='ltr'><strong>onus</strong></span> <span class='ocrx_word' id='word_1_274' title='bbox 2568 1966 2675 2014; x_wconf 84' lang='lat' dir='ltr'><strong>tale</strong></span> <span class='ocrx_word' id='word_1_275' title='bbox 2696 1965 2772 2014; x_wconf 61' lang='grc' dir='ltr'><strong>ἐτ’</strong></span> 
     </span>
     <span class='ocr_line' id='line_1_48' title="bbox 1710 2039 2769 2106; baseline 0.002 -18"><span class='ocrx_word' id='word_1_276' title='bbox 1710 2041 1845 2100; x_wconf 73' lang='grc' dir='ltr'><strong><em>ὤμων</em></strong></span> <span class='ocrx_word' id='word_1_277' title='bbox 1876 2039 2089 2104; x_wconf 77' lang='grc' dir='ltr'><strong>φέρουσι,</strong></span> <span class='ocrx_word' id='word_1_278' title='bbox 2121 2042 2223 2103; x_wconf 86' lang='lat' dir='ltr'><strong>vel,</strong></span> <span class='ocrx_word' id='word_1_279' title='bbox 2247 2048 2305 2090; x_wconf 87' lang='lat' dir='ltr'><strong>nt</strong></span> <span class='ocrx_word' id='word_1_280' title='bbox 2337 2041 2487 2090; x_wconf 88' lang='lat' dir='ltr'><strong>Philo</strong></span> <span class='ocrx_word' id='word_1_281' title='bbox 2520 2042 2769 2106; x_wconf 85' lang='lat' dir='ltr'><strong>loquitur,</strong></span> 
     </span>
     <span class='ocr_line' id='line_1_49' title="bbox 1710 2113 2771 2178; baseline 0.003 -15"><span class='ocrx_word' id='word_1_282' title='bbox 1710 2115 1833 2164; x_wconf 79' lang='grc' dir='ltr'><strong>κατὰ</strong></span> <span class='ocrx_word' id='word_1_283' title='bbox 1851 2118 1947 2164; x_wconf 76' lang='grc' dir='ltr'><strong>τῶν</strong></span> <span class='ocrx_word' id='word_1_284' title='bbox 1966 2119 2100 2176; x_wconf 77' lang='grc' dir='ltr'><strong><em>ὤμων</em></strong></span> <span class='ocrx_word' id='word_1_285' title='bbox 2121 2113 2483 2178; x_wconf 56' lang='grc' dir='ltr'><strong>ἑπηχθεσμέιξοι,</strong></span> <span class='ocrx_word' id='word_1_286' title='bbox 2506 2131 2547 2166; x_wconf 88' lang='grc' dir='ltr'><strong>ι.</strong></span> <span class='ocrx_word' id='word_1_287' title='bbox 2570 2117 2636 2166; x_wconf 87' lang='lat' dir='ltr'><strong>de</strong></span> <span class='ocrx_word' id='word_1_288' title='bbox 2660 2118 2771 2166; x_wconf 78' lang='lat' dir='ltr'><strong>vita</strong></span> 
     </span>
     <span class='ocr_line' id='line_1_50' title="bbox 1710 2191 2770 2254; baseline 0.002 -15"><span class='ocrx_word' id='word_1_289' title='bbox 1710 2191 1892 2247; x_wconf 78' lang='lat' dir='ltr'><strong>Musis,</strong></span> <span class='ocrx_word' id='word_1_290' title='bbox 1905 2195 2083 2254; x_wconf 75' lang='lat' dir='ltr'><strong>p.49l.</strong></span> <span class='ocrx_word' id='word_1_291' title='bbox 2095 2193 2266 2241; x_wconf 87' lang='lat' dir='ltr'><strong>Varro</strong></span> <span class='ocrx_word' id='word_1_292' title='bbox 2282 2191 2345 2238; x_wconf 89' lang='lat' dir='ltr'><strong>de</strong></span> <span class='ocrx_word' id='word_1_293' title='bbox 2365 2192 2549 2254; x_wconf 84' lang='lat' dir='ltr'><strong>apibus</strong></span> <span class='ocrx_word' id='word_1_294' title='bbox 2562 2191 2689 2240; x_wconf 88' lang='lat' dir='ltr'><strong>scite</strong></span> <span class='ocrx_word' id='word_1_295' title='bbox 2707 2205 2770 2241; x_wconf 84' lang='lat' dir='ltr'><strong>n.</strong></span> 
     </span>
     <span class='ocr_line' id='line_1_51' title="bbox 1711 2266 2774 2330; baseline -0.001 -15"><span class='ocrx_word' id='word_1_296' title='bbox 1711 2266 1777 2315; x_wconf 84' lang='lat' dir='ltr'><strong>de</strong></span> <span class='ocrx_word' id='word_1_297' title='bbox 1800 2281 1857 2316; x_wconf 89' lang='lat' dir='ltr'><strong>re</strong></span> <span class='ocrx_word' id='word_1_298' title='bbox 1880 2268 2108 2318; x_wconf 79' lang='lat' dir='ltr'><strong>rustica:</strong></span> <span class='ocrx_word' id='word_1_299' title='bbox 2140 2268 2157 2294; x_wconf 92' lang='lat'>‘</span> <span class='ocrx_word' id='word_1_300' title='bbox 2174 2269 2371 2329; x_wconf 77' lang='lat' dir='ltr'><strong>Regem</strong></span> <span class='ocrx_word' id='word_1_301' title='bbox 2386 2281 2533 2316; x_wconf 84' lang='lat' dir='ltr'><strong>sunm</strong></span> <span class='ocrx_word' id='word_1_302' title='bbox 2551 2281 2774 2330; x_wconf 78' lang='lat' dir='ltr'><strong>sequun-</strong></span> 
     </span>
     <span class='ocr_line' id='line_1_52' title="bbox 1712 2341 2773 2406; baseline 0 -16"><span class='ocrx_word' id='word_1_303' title='bbox 1712 2349 1799 2390; x_wconf 86' lang='lat' dir='ltr'><strong>tur</strong></span> <span class='ocrx_word' id='word_1_304' title='bbox 1816 2357 2023 2406; x_wconf 85' lang='lat' dir='ltr'><strong>quoquo</strong></span> <span class='ocrx_word' id='word_1_305' title='bbox 2046 2343 2111 2404; x_wconf 83' lang='lat' dir='ltr'><strong>it,</strong></span> <span class='ocrx_word' id='word_1_306' title='bbox 2132 2348 2189 2392; x_wconf 86' lang='lat' dir='ltr'><strong>et</strong></span> <span class='ocrx_word' id='word_1_307' title='bbox 2208 2341 2397 2392; x_wconf 80' lang='lat' dir='ltr'><strong>fessum</strong></span> <span class='ocrx_word' id='word_1_308' title='bbox 2413 2341 2698 2398; x_wconf 82' lang='lat' dir='ltr'><strong>sublevant,</strong></span> <span class='ocrx_word' id='word_1_309' title='bbox 2714 2349 2773 2390; x_wconf 82' lang='lat' dir='ltr'><strong>et</strong></span> 
     </span>
     <span class='ocr_line' id='line_1_53' title="bbox 1710 2415 2769 2481; baseline -0.002 -15"><span class='ocrx_word' id='word_1_310' title='bbox 1710 2417 1755 2466; x_wconf 86' lang='lat' dir='ltr'><strong>si</strong></span> <span class='ocrx_word' id='word_1_311' title='bbox 1768 2417 1949 2481; x_wconf 88' lang='lat' dir='ltr'><strong>nequit</strong></span> <span class='ocrx_word' id='word_1_312' title='bbox 1974 2418 2165 2474; x_wconf 83' lang='lat' dir='ltr'><strong>volare,</strong></span> <span class='ocrx_word' id='word_1_313' title='bbox 2184 2417 2491 2478; x_wconf 79' lang='lat' dir='ltr'><strong>succollant,</strong></span> <span class='ocrx_word' id='word_1_314' title='bbox 2504 2415 2639 2481; x_wconf 88' lang='lat' dir='ltr'><strong>quod</strong></span> <span class='ocrx_word' id='word_1_315' title='bbox 2651 2431 2769 2466; x_wconf 87' lang='lat' dir='ltr'><strong>eum</strong></span> 
     </span>
     <span class='ocr_line' id='line_1_54' title="bbox 1710 2492 2151 2542; baseline 0.002 -1"><span class='ocrx_word' id='word_1_316' title='bbox 1710 2508 1913 2542; x_wconf 86' lang='lat' dir='ltr'><strong>servare</strong></span> <span class='ocrx_word' id='word_1_317' title='bbox 1936 2492 2151 2542; x_wconf 68' lang='lat' dir='ltr'><strong>volunt!</strong></span> 
     </span>
    </p>

    <p class='ocr_par' dir='ltr' id='par_1_17' title="bbox 1712 2566 2783 4291">
     <span class='ocr_line' id='line_1_55' title="bbox 1765 2566 2773 2631; baseline -0.004 -12"><span class='ocrx_word' id='word_1_318' title='bbox 1765 2573 1861 2619; x_wconf 76' lang='lat'><strong>295</strong></span> <span class='ocrx_word' id='word_1_319' title='bbox 1884 2568 2161 2617; x_wconf 77' lang='lat' dir='ltr'><strong>Nimborum</strong></span> <span class='ocrx_word' id='word_1_320' title='bbox 2172 2568 2399 2631; x_wconf 66' lang='lat' dir='ltr'><strong>pinget-aa</strong></span> <span class='ocrx_word' id='word_1_321' title='bbox 2418 2566 2597 2629; x_wconf 76' lang='lat' dir='ltr'><strong>Notus]</strong></span> <span class='ocrx_word' id='word_1_322' title='bbox 2617 2566 2773 2615; x_wconf 83' lang='lat' dir='ltr'><strong>Basil.</strong></span> 
     </span>
     <span class='ocr_line' id='line_1_56' title="bbox 1712 2642 2771 2702; baseline -0.002 -9"><span class='ocrx_word' id='word_1_323' title='bbox 1712 2644 2059 2694; x_wconf 79' lang='lat' dir='ltr'><strong>seleuciensis</strong></span> <span class='ocrx_word' id='word_1_324' title='bbox 2096 2643 2283 2693; x_wconf 83' lang='lat' dir='ltr'><strong>Oratio</strong></span> <span class='ocrx_word' id='word_1_325' title='bbox 2323 2642 2389 2691; x_wconf 88' lang='lat' dir='ltr'><strong>de</strong></span> <span class='ocrx_word' id='word_1_326' title='bbox 2426 2642 2543 2691; x_wconf 85' lang='lat' dir='ltr'><strong>Elia</strong></span> <span class='ocrx_word' id='word_1_327' title='bbox 2560 2658 2577 2691; x_wconf 72' lang='grc' dir='ltr'><strong>ι</strong></span> <span class='ocrx_word' id='word_1_328' title='bbox 2602 2646 2771 2702; x_wconf 72' lang='grc' dir='ltr'><strong>μανθα-</strong></span> 
     </span>
     <span class='ocr_line' id='line_1_57' title="bbox 1713 2715 2775 2781; baseline -0.001 -14"><span class='ocrx_word' id='word_1_329' title='bbox 1713 2716 1927 2767; x_wconf 79' lang='grc' dir='ltr'><strong>νέτωσαν</strong></span> <span class='ocrx_word' id='word_1_330' title='bbox 1946 2720 2043 2766; x_wconf 76' lang='grc' dir='ltr'><strong>τῶν</strong></span> <span class='ocrx_word' id='word_1_331' title='bbox 2073 2715 2259 2781; x_wconf 73' lang='grc' dir='ltr'><strong><em>ὄμβρων</em></strong></span> <span class='ocrx_word' id='word_1_332' title='bbox 2277 2717 2367 2765; x_wconf 75' lang='grc' dir='ltr'><strong>τὸν</strong></span> <span class='ocrx_word' id='word_1_333' title='bbox 2392 2716 2606 2781; x_wconf 76' lang='grc' dir='ltr'><strong><em>χορηγὸν</em></strong></span> <span class='ocrx_word' id='word_1_334' title='bbox 2634 2716 2775 2780; x_wconf 64' lang='lat' dir='ltr'><strong>&amp;Bpo-</strong></span> 
     </span>
     <span class='ocr_line' id='line_1_58' title="bbox 1712 2790 2775 2857; baseline 0.002 -16"><span class='ocrx_word' id='word_1_335' title='bbox 1712 2792 1802 2857; x_wconf 75' lang='grc' dir='ltr'><strong>χίᾳ</strong></span> <span class='ocrx_word' id='word_1_336' title='bbox 1824 2790 2170 2853; x_wconf 55' lang='lat' dir='ltr'><strong>sambucum:</strong></span> <span class='ocrx_word' id='word_1_337' title='bbox 2208 2793 2274 2841; x_wconf 83' lang='lat' dir='ltr'><strong>ad</strong></span> <span class='ocrx_word' id='word_1_338' title='bbox 2299 2808 2412 2855; x_wconf 72' lang='lat' dir='ltr'><strong>qum</strong></span> <span class='ocrx_word' id='word_1_339' title='bbox 2436 2794 2489 2842; x_wconf 88' lang='lat' dir='ltr'><strong>in</strong></span> <span class='ocrx_word' id='word_1_340' title='bbox 2511 2793 2645 2843; x_wconf 84' lang='lat' dir='ltr'><strong>notis</strong></span> <span class='ocrx_word' id='word_1_341' title='bbox 2666 2794 2775 2843; x_wconf 85' lang='lat' dir='ltr'><strong>suis</strong></span> 
     </span>
     <span class='ocr_line' id='line_1_59' title="bbox 1715 2866 2775 2932; baseline 0 -15"><span class='ocrx_word' id='word_1_342' title='bbox 1715 2871 1879 2919; x_wconf 86' lang='lat' dir='ltr'><strong>Clem.</strong></span> <span class='ocrx_word' id='word_1_343' title='bbox 1910 2868 2269 2932; x_wconf 72' lang='lat' dir='ltr'><strong>Dausqueiusz</strong></span> <span class='ocrx_word' id='word_1_344' title='bbox 2316 2866 2553 2917; x_wconf 79' lang='lat' dir='ltr'><strong>‘Elatum</strong></span> <span class='ocrx_word' id='word_1_345' title='bbox 2592 2867 2655 2915; x_wconf 79' lang='lat' dir='ltr'><strong>ad</strong></span> <span class='ocrx_word' id='word_1_346' title='bbox 2682 2882 2775 2917; x_wconf 81' lang='lat' dir='ltr'><strong>ex·</strong></span> 
     </span>
     <span class='ocr_line' id='line_1_60' title="bbox 1716 2942 2771 3007; baseline -0.002 -14"><span class='ocrx_word' id='word_1_347' title='bbox 1716 2944 1944 3005; x_wconf 82' lang='lat' dir='ltr'><strong>emplum</strong></span> <span class='ocrx_word' id='word_1_348' title='bbox 1972 2957 2220 3007; x_wconf 85' lang='lat' dir='ltr'><strong>perquam</strong></span> <span class='ocrx_word' id='word_1_349' title='bbox 2254 2943 2509 3005; x_wconf 78' lang='lat' dir='ltr'><strong>ingeniosi</strong></span> <span class='ocrx_word' id='word_1_350' title='bbox 2544 2942 2731 2993; x_wconf 64' lang='lat' dir='ltr'><strong>Potite</strong></span> <span class='ocrx_word' id='word_1_351' title='bbox 2754 2959 2771 2991; x_wconf 74' lang='grc' dir='ltr'><strong>ε</strong></span> 
     </span>
     <span class='ocr_line' id='line_1_61' title="bbox 1716 3017 2771 3082; baseline -0.001 -15"><span class='ocrx_word' id='word_1_352' title='bbox 1716 3017 2025 3067; x_wconf 87' lang='lat' dir='ltr'><strong>Nimborum</strong></span> <span class='ocrx_word' id='word_1_353' title='bbox 2048 3020 2296 3082; x_wconf 87' lang='lat' dir='ltr'><strong>pincerna</strong></span> <span class='ocrx_word' id='word_1_354' title='bbox 2316 3017 2503 3068; x_wconf 60' lang='lat' dir='ltr'><strong>notus:</strong></span> <span class='ocrx_word' id='word_1_355' title='bbox 2550 3019 2771 3081; x_wconf 79' lang='lat' dir='ltr'><strong>Septua-</strong></span> 
     </span>
     <span class='ocr_line' id='line_1_62' title="bbox 1716 3091 2777 3155; baseline 0.002 -14"><span class='ocrx_word' id='word_1_356' title='bbox 1716 3092 1861 3155; x_wconf 82' lang='lat' dir='ltr'><strong>ginta</strong></span> <span class='ocrx_word' id='word_1_357' title='bbox 1882 3092 2171 3155; x_wconf 85' lang='lat' dir='ltr'><strong>Interpret.</strong></span> <span class='ocrx_word' id='word_1_358' title='bbox 2202 3091 2324 3143; x_wconf 84' lang='lat' dir='ltr'><strong>Job.</strong></span> <span class='ocrx_word' id='word_1_359' title='bbox 2346 3098 2397 3143; x_wconf 84' lang='lat'><strong>9.</strong></span> <span class='ocrx_word' id='word_1_360' title='bbox 2426 3098 2476 3143; x_wconf 89' lang='grc'><strong>9.</strong></span> <span class='ocrx_word' id='word_1_361' title='bbox 2498 3092 2671 3154; x_wconf 77' lang='grc' dir='ltr'><strong>ταμίαν</strong></span> <span class='ocrx_word' id='word_1_362' title='bbox 2696 3093 2777 3143; x_wconf 65' lang='lat' dir='ltr'><strong>vb-</strong></span> 
     </span>
     <span class='ocr_line' id='line_1_63' title="bbox 1714 3168 2777 3232; baseline 0.001 -16"><span class='ocrx_word' id='word_1_363' title='bbox 1714 3186 1819 3218; x_wconf 80' lang='grc' dir='ltr'><strong>του.</strong></span> <span class='ocrx_word' id='word_1_364' title='bbox 1874 3168 1961 3219; x_wconf 85' lang='lat' dir='ltr'><strong>Sic</strong></span> <span class='ocrx_word' id='word_1_365' title='bbox 1984 3169 2252 3232; x_wconf 80' lang='lat' dir='ltr'><strong>chrysost.</strong></span> <span class='ocrx_word' id='word_1_366' title='bbox 2275 3170 2441 3219; x_wconf 76' lang='lat' dir='ltr'><strong>Elium</strong></span> <span class='ocrx_word' id='word_1_367' title='bbox 2474 3174 2571 3219; x_wconf 74' lang='grc' dir='ltr'><strong>τῶν</strong></span> <span class='ocrx_word' id='word_1_368' title='bbox 2599 3168 2777 3219; x_wconf 67' lang='grc' dir='ltr'><strong>ὑδάτων</strong></span> 
     </span>
     <span class='ocr_line' id='line_1_64' title="bbox 1714 3243 2780 3308; baseline 0 -15"><span class='ocrx_word' id='word_1_369' title='bbox 1714 3243 1889 3307; x_wconf 82' lang='grc' dir='ltr'><strong>ταμίαν</strong></span> <span class='ocrx_word' id='word_1_370' title='bbox 1926 3245 2175 3305; x_wconf 85' lang='lat' dir='ltr'><strong>nominat,</strong></span> <span class='ocrx_word' id='word_1_371' title='bbox 2208 3260 2261 3308; x_wconf 90' lang='lat' dir='ltr'><strong>p.</strong></span> <span class='ocrx_word' id='word_1_372' title='bbox 2292 3250 2410 3295; x_wconf 81' lang='lat'><strong>858.</strong></span> <span class='ocrx_word' id='word_1_373' title='bbox 2460 3245 2780 3297; x_wconf 74' lang='lat' dir='ltr'><strong>Nazianzen.</strong></span> 
     </span>
     <span class='ocr_line' id='line_1_65' title="bbox 1720 3319 2779 3385; baseline -0.001 -13"><span class='ocrx_word' id='word_1_374' title='bbox 1720 3324 1891 3372; x_wconf 83' lang='lat' dir='ltr'><strong>Deum</strong></span> <span class='ocrx_word' id='word_1_375' title='bbox 1907 3324 2076 3384; x_wconf 76' lang='grc' dir='ltr'><strong><em>ψυχῶν</em></strong></span> <span class='ocrx_word' id='word_1_376' title='bbox 2083 3319 2318 3385; x_wconf 74' lang='grc' dir='ltr'><strong>ἡμετέρων</strong></span> <span class='ocrx_word' id='word_1_377' title='bbox 2330 3320 2521 3381; x_wconf 76' lang='grc' dir='ltr'><strong>ταμίαν,</strong></span> <span class='ocrx_word' id='word_1_378' title='bbox 2538 3329 2673 3371; x_wconf 82' lang='lat' dir='ltr'><strong>orat.</strong></span> <span class='ocrx_word' id='word_1_379' title='bbox 2692 3325 2779 3371; x_wconf 79' lang='lat'><strong>10.</strong></span> 
     </span>
     <span class='ocr_line' id='line_1_66' title="bbox 1718 3394 2781 3461; baseline -0.003 -12"><span class='ocrx_word' id='word_1_380' title='bbox 1718 3412 1771 3461; x_wconf 84' lang='lat' dir='ltr'><strong>p.</strong></span> <span class='ocrx_word' id='word_1_381' title='bbox 1810 3401 1922 3447; x_wconf 83' lang='grc'><strong>176.</strong></span> <span class='ocrx_word' id='word_1_382' title='bbox 1956 3396 2133 3459; x_wconf 51' lang='grc' dir='ltr'><strong><em>ὀρθῶν</em></strong></span> <span class='ocrx_word' id='word_1_383' title='bbox 2164 3394 2355 3457; x_wconf 76' lang='grc' dir='ltr'><strong>ταμίαν,</strong></span> <span class='ocrx_word' id='word_1_384' title='bbox 2382 3396 2507 3447; x_wconf 81' lang='lat' dir='ltr'><strong>lsid.</strong></span> <span class='ocrx_word' id='word_1_385' title='bbox 2537 3396 2714 3445; x_wconf 82' lang='lat' dir='ltr'><strong>Pelas.</strong></span> <span class='ocrx_word' id='word_1_386' title='bbox 2737 3410 2781 3446; x_wconf 84' lang='lat'><strong>1.</strong></span> 
     </span>
     <span class='ocr_line' id='line_1_67' title="bbox 1718 3472 2777 3537; baseline -0.001 -15"><span class='ocrx_word' id='word_1_387' title='bbox 1718 3475 1820 3534; x_wconf 87' lang='lat' dir='ltr'><strong>Ep.</strong></span> <span class='ocrx_word' id='word_1_388' title='bbox 1830 3477 1893 3521; x_wconf 73' lang='lat'><strong>37</strong></span> <span class='ocrx_word' id='word_1_389' title='bbox 1895 3476 1945 3521; x_wconf 88' lang='lat'><strong>4.</strong></span> <span class='ocrx_word' id='word_1_390' title='bbox 1969 3473 2117 3523; x_wconf 80' lang='lat' dir='ltr'><strong>Idem</strong></span> <span class='ocrx_word' id='word_1_391' title='bbox 2131 3487 2219 3523; x_wconf 83' lang='lat'><strong>111.</strong></span> <span class='ocrx_word' id='word_1_392' title='bbox 2235 3475 2335 3537; x_wconf 82' lang='lat' dir='ltr'><strong>Ep.</strong></span> <span class='ocrx_word' id='word_1_393' title='bbox 2355 3478 2470 3523; x_wconf 77' lang='lat'><strong>2⁷8.</strong></span> <span class='ocrx_word' id='word_1_394' title='bbox 2488 3472 2647 3534; x_wconf 76' lang='grc' dir='ltr'><strong><em>λόγων</em></strong></span> <span class='ocrx_word' id='word_1_395' title='bbox 2660 3490 2777 3534; x_wconf 70' lang='lat' dir='ltr'><strong>xpc·</strong></span> 
     </span>
     <span class='ocr_line' id='line_1_68' title="bbox 1715 3548 2777 3613; baseline -0.001 -15"><span class='ocrx_word' id='word_1_396' title='bbox 1715 3552 1839 3613; x_wconf 76' lang='grc' dir='ltr'><strong>τῆρα</strong></span> <span class='ocrx_word' id='word_1_397' title='bbox 1860 3550 2011 3609; x_wconf 78' lang='lat' dir='ltr'><strong>dixit,</strong></span> <span class='ocrx_word' id='word_1_398' title='bbox 2030 3564 2131 3599; x_wconf 85' lang='lat' dir='ltr'><strong>non</strong></span> <span class='ocrx_word' id='word_1_399' title='bbox 2164 3549 2386 3599; x_wconf 84' lang='lat' dir='ltr'><strong>absimili</strong></span> <span class='ocrx_word' id='word_1_400' title='bbox 2422 3548 2777 3599; x_wconf 81' lang='lat' dir='ltr'><strong>translatione.</strong></span> 
     </span>
     <span class='ocr_line' id='line_1_69' title="bbox 1717 3622 2783 3686; baseline -0.005 -9"><span class='ocrx_word' id='word_1_401' title='bbox 1717 3627 1873 3677; x_wconf 85' lang='lat' dir='ltr'><strong>Plato</strong></span> <span class='ocrx_word' id='word_1_402' title='bbox 1893 3626 1945 3673; x_wconf 86' lang='lat' dir='ltr'><strong>in</strong></span> <span class='ocrx_word' id='word_1_403' title='bbox 1963 3626 2193 3675; x_wconf 76' lang='lat' dir='ltr'><strong>Timaeoz</strong></span> <span class='ocrx_word' id='word_1_404' title='bbox 2224 3624 2395 3685; x_wconf 70' lang='grc' dir='ltr'><strong>ταμίας</strong></span> <span class='ocrx_word' id='word_1_405' title='bbox 2412 3622 2683 3686; x_wconf 67' lang='grc' dir='ltr'><strong>πνευμάτων</strong></span> <span class='ocrx_word' id='word_1_406' title='bbox 2703 3627 2783 3685; x_wconf 63' lang='grc' dir='ltr'><strong>τῷ</strong></span> 
     </span>
     <span class='ocr_line' id='line_1_70' title="bbox 1718 3697 2781 3760; baseline 0 -12"><span class='ocrx_word' id='word_1_407' title='bbox 1718 3698 1901 3760; x_wconf 69' lang='grc' dir='ltr'><strong>σώματι</strong></span> <span class='ocrx_word' id='word_1_408' title='bbox 1923 3700 1950 3746; x_wconf 78' lang='grc' dir='ltr'><strong><em>ὁ</em></strong></span> <span class='ocrx_word' id='word_1_409' title='bbox 1968 3697 2199 3759; x_wconf 72' lang='grc' dir='ltr'><strong>πνεύμων.</strong></span> <span class='ocrx_word' id='word_1_410' title='bbox 2236 3700 2390 3749; x_wconf 84' lang='lat' dir='ltr'><strong>Hom.</strong></span> <span class='ocrx_word' id='word_1_411' title='bbox 2417 3699 2523 3749; x_wconf 84' lang='lat' dir='ltr'><strong>Od.</strong></span> <span class='ocrx_word' id='word_1_412' title='bbox 2546 3705 2609 3749; x_wconf 83' lang='lat' dir='ltr'><strong>K.</strong></span> <span class='ocrx_word' id='word_1_413' title='bbox 2662 3698 2781 3749; x_wconf 83' lang='lat' dir='ltr'><strong>AEo·</strong></span> 
     </span>
     <span class='ocr_line' id='line_1_71' title="bbox 1717 3772 2779 3835; baseline 0.001 -13"><span class='ocrx_word' id='word_1_414' title='bbox 1717 3774 1842 3835; x_wconf 84' lang='lat' dir='ltr'><strong>lum,</strong></span> <span class='ocrx_word' id='word_1_415' title='bbox 1858 3772 2041 3833; x_wconf 71' lang='grc' dir='ltr'>ἆνέμων</span> <span class='ocrx_word' id='word_1_416' title='bbox 2058 3772 2247 3833; x_wconf 77' lang='grc' dir='ltr'><strong>ταμίαν.</strong></span> <span class='ocrx_word' id='word_1_417' title='bbox 2281 3776 2439 3823; x_wconf 81' lang='lat' dir='ltr'><strong>Cares</strong></span> <span class='ocrx_word' id='word_1_418' title='bbox 2458 3782 2579 3823; x_wconf 82' lang='lat' dir='ltr'><strong>sunt</strong></span> <span class='ocrx_word' id='word_1_419' title='bbox 2596 3774 2779 3824; x_wconf 81' lang='lat' dir='ltr'><strong>Critiae</strong></span> 
     </span>
     <span class='ocr_line' id='line_1_72' title="bbox 1715 3848 2779 3911; baseline 0.002 -14"><span class='ocrx_word' id='word_1_420' title='bbox 1715 3849 1853 3910; x_wconf 82' lang='lat' dir='ltr'><strong>apud</strong></span> <span class='ocrx_word' id='word_1_421' title='bbox 1878 3848 2069 3899; x_wconf 80' lang='lat' dir='ltr'><strong>Athen.</strong></span> <span class='ocrx_word' id='word_1_422' title='bbox 2088 3864 2127 3899; x_wconf 86' lang='grc' dir='ltr'><strong>ι.</strong></span> <span class='ocrx_word' id='word_1_423' title='bbox 2146 3848 2265 3899; x_wconf 69' lang='grc' dir='ltr'><strong>ἁλὸς</strong></span> <span class='ocrx_word' id='word_1_424' title='bbox 2282 3848 2463 3911; x_wconf 69' lang='grc' dir='ltr'><strong>ταμίαι.</strong></span> <span class='ocrx_word' id='word_1_425' title='bbox 2516 3852 2779 3903; x_wconf 83' lang='lat' dir='ltr'><strong>Vulcanus</strong></span> 
     </span>
     <span class='ocr_line' id='line_1_73' title="bbox 1715 3922 2775 3987; baseline 0.003 -16"><span class='ocrx_word' id='word_1_426' title='bbox 1715 3922 1858 3987; x_wconf 67' lang='grc' dir='ltr'><strong>πυρὸς</strong></span> <span class='ocrx_word' id='word_1_427' title='bbox 1876 3923 2067 3985; x_wconf 79' lang='grc' dir='ltr'><strong>ταμίαν.</strong></span> <span class='ocrx_word' id='word_1_428' title='bbox 2102 3926 2318 3977; x_wconf 87' lang='lat' dir='ltr'><strong>Libanio</strong></span> <span class='ocrx_word' id='word_1_429' title='bbox 2342 3924 2479 3987; x_wconf 87' lang='lat' dir='ltr'><strong>apud</strong></span> <span class='ocrx_word' id='word_1_430' title='bbox 2505 3924 2775 3987; x_wconf 75' lang='lat' dir='ltr'><strong>chrysost.</strong></span> 
     </span>
     <span class='ocr_line' id='line_1_74' title="bbox 1718 3998 2781 4062; baseline 0 -13"><span class='ocrx_word' id='word_1_431' title='bbox 1718 3998 1869 4049; x_wconf 84' lang='lat' dir='ltr'><strong>Orat.</strong></span> <span class='ocrx_word' id='word_1_432' title='bbox 1882 4007 2068 4052; x_wconf 84' lang='lat' dir='ltr'><strong>contra</strong></span> <span class='ocrx_word' id='word_1_433' title='bbox 2083 4000 2339 4058; x_wconf 74' lang='lat' dir='ltr'><strong>Gentiles,</strong></span> <span class='ocrx_word' id='word_1_434' title='bbox 2358 4016 2410 4062; x_wconf 87' lang='lat' dir='ltr'><strong>p.</strong></span> <span class='ocrx_word' id='word_1_435' title='bbox 2428 4004 2544 4049; x_wconf 90' lang='grc'><strong>774.</strong></span> <span class='ocrx_word' id='word_1_436' title='bbox 2578 4010 2633 4049; x_wconf 76' lang='lat' dir='ltr'><strong>et</strong></span> <span class='ocrx_word' id='word_1_437' title='bbox 2654 4000 2781 4049; x_wconf 80' lang='lat' dir='ltr'><strong>inibi</strong></span> 
     </span>
     <span class='ocr_line' id='line_1_75' title="bbox 1718 4074 2781 4139; baseline 0.003 -17"><span class='ocrx_word' id='word_1_438' title='bbox 1718 4090 1771 4139; x_wconf 89' lang='lat' dir='ltr'><strong>p.</strong></span> <span class='ocrx_word' id='word_1_439' title='bbox 1786 4080 1899 4127; x_wconf 82' lang='grc'><strong>777.</strong></span> <span class='ocrx_word' id='word_1_440' title='bbox 1924 4076 2133 4139; x_wconf 77' lang='lat' dir='ltr'><strong>Jupiter</strong></span> <span class='ocrx_word' id='word_1_441' title='bbox 2148 4075 2333 4139; x_wconf 71' lang='grc' dir='ltr'><strong><em>ὄμβρων</em></strong></span> <span class='ocrx_word' id='word_1_442' title='bbox 2348 4074 2481 4133; x_wconf 76' lang='grc' dir='ltr'><strong>ἡνίας</strong></span> <span class='ocrx_word' id='word_1_443' title='bbox 2498 4075 2639 4136; x_wconf 69' lang='grc' dir='ltr'><strong>ἔχων.</strong></span> <span class='ocrx_word' id='word_1_444' title='bbox 2663 4076 2781 4125; x_wconf 72' lang='lat' dir='ltr'><strong>(2ae-</strong></span> 
     </span>
     <span class='ocr_line' id='line_1_76' title="bbox 1720 4150 2777 4214; baseline 0.001 -14"><span class='ocrx_word' id='word_1_445' title='bbox 1720 4152 1817 4201; x_wconf 81' lang='lat' dir='ltr'><strong>lius</strong></span> <span class='ocrx_word' id='word_1_446' title='bbox 1840 4153 2007 4203; x_wconf 84' lang='lat' dir='ltr'><strong>Rhod.</strong></span> <span class='ocrx_word' id='word_1_447' title='bbox 2030 4165 2125 4202; x_wconf 73' lang='grc' dir='ltr'><strong>ιν.</strong></span> <span class='ocrx_word' id='word_1_448' title='bbox 2155 4156 2208 4201; x_wconf 86' lang='grc'><strong>7.</strong></span> <span class='ocrx_word' id='word_1_449' title='bbox 2230 4152 2413 4201; x_wconf 87' lang='lat' dir='ltr'><strong>scribit</strong></span> <span class='ocrx_word' id='word_1_450' title='bbox 2434 4150 2657 4214; x_wconf 76' lang='lat' dir='ltr'><strong>August.</strong></span> <span class='ocrx_word' id='word_1_451' title='bbox 2683 4166 2777 4201; x_wconf 87' lang='lat' dir='ltr'><strong>no-</strong></span> 
     </span>
     <span class='ocr_line' id='line_1_77' title="bbox 1720 4226 2781 4291; baseline 0 -14"><span class='ocrx_word' id='word_1_452' title='bbox 1720 4226 1943 4279; x_wconf 79' lang='lat' dir='ltr'><strong>minasse</strong></span> <span class='ocrx_word' id='word_1_453' title='bbox 1964 4226 2209 4281; x_wconf 83' lang='lat' dir='ltr'><strong>Austrum</strong></span> <span class='ocrx_word' id='word_1_454' title='bbox 2228 4227 2244 4254; x_wconf 80' lang='lat'><strong><em>⁴</em></strong></span> <span class='ocrx_word' id='word_1_455' title='bbox 2258 4226 2557 4291; x_wconf 84' lang='lat' dir='ltr'><strong>pincernam</strong></span> <span class='ocrx_word' id='word_1_456' title='bbox 2578 4228 2781 4291; x_wconf 75' lang='lat' dir='ltr'><strong>pluria·</strong></span> 
     </span>
    </p>
   </div>
   <div class='ocr_carea' id='block_1_8' title="bbox 3138 427 3141 1076">
    <p class='ocr_par' dir='ltr' id='par_1_18' title="bbox 3138 427 3141 1076">
     <span class='ocr_line' id='line_1_78' title="bbox 3138 427 3141 1076; baseline 0 0"><span class='ocrx_word' id='word_1_457' title='bbox 3138 427 3141 1076; x_wconf 95' lang='lat' dir='ltr'><strong> </strong></span> 
     </span>
    </p>
   </div>
   <div class='ocr_carea' id='block_1_9' title="bbox 3137 1567 3142 2208">
    <p class='ocr_par' dir='ltr' id='par_1_19' title="bbox 3137 1567 3142 2208">
     <span class='ocr_line' id='line_1_79' title="bbox 3137 1567 3142 2208; baseline 0 0"><span class='ocrx_word' id='word_1_458' title='bbox 3137 1567 3142 2208; x_wconf 95' lang='lat' dir='ltr'><strong> </strong></span> 
     </span>
    </p>
   </div>
   <div class='ocr_carea' id='block_1_10' title="bbox 3137 4322 3143 4928">
    <p class='ocr_par' dir='ltr' id='par_1_20' title="bbox 3137 4322 3143 4928">
     <span class='ocr_line' id='line_1_80' title="bbox 3137 4322 3143 4928; baseline 0 0"><span class='ocrx_word' id='word_1_459' title='bbox 3137 4322 3143 4928; x_wconf 95' lang='lat' dir='ltr'><strong> </strong></span> 
     </span>
    </p>
   </div>
  </div>
 </body>
</html>
