3173 4957
621 391 752 454 442
1409 403 1716 454 sosnnn
1749 402 2012 462 iscam

627 547 846 613 Orsus
875 551 990 614 ita.
1079 549 1240 613 Heu
1270 546 1569 634 Phrygii,
1602 567 1767 631 gens
1794 568 1929 613 non
1956 567 2323 633 praemonsa
2352 552 2596 618 futuri!

627 650 788 730 Quo
817 660 1051 717 noster
1079 650 1410 733 spoliator
1435 651 1582 714 abit
1602 651 1633 713 ‘t
1680 670 1985 733 quaenam
2016 652 2131 716 illa
2153 655 2404 732 carina,

630 752 806 831 Quae
833 753 1100 836 Trojam
1129 769 1440 816 mensura
1466 753 1697 816 venit?
1736 752 1884 835 jam
1911 753 2135 818 littora
2160 756 2408 839 tangit:

629 855 760 932 Ite,
794 855 1022 932 duces,
1053 860 1324 918 contra:
1359 853 1460 917 sic
1491 855 1855 937 interrupta
1881 853 2209 937 profatuS,

630 956 802 1020 Plus
831 956 1076 1021 dubios
1105 955 1260 1033 urit,
1291 956 1487 1039 pleno
1516 963 1740 1020 tamen
1770 957 1985 1037 arguit
2013 954 2129 1020 ore

631 1057 1085 1140 Deiphobum,
1109 1059 1222 1122 cui
1247 1077 1512 1122 summa
1535 1057 1729 1136 fides,
1758 1064 1829 1122 et
1855 1058 2003 1122 sola
2028 1057 2336 1122 medendi

631 1155 876 1242 Copia,
898 1160 1096 1243 jussa
1118 1161 1310 1242 sequi
1338 1159 1651 1237 Veneris,
1680 1166 1948 1242 raptum
1973 1161 2071 1223 ire
2102 1158 2449 1237 Lacaenas,

634 1260 975 1326 Auctores
997 1279 1264 1344 sperare
1295 1261 1508 1326 Deos.
1595 1260 1927 1339 Quaeuam
1956 1261 2093 1326 ista
2119 1260 2406 1327 nefanda

642 1362 818 1448 Spes
832 1364 864 1425 ‘l
908 1362 1148 1446 inquit.
1237 1363 1655 1445 Superumne
1683 1361 1876 1440 fides,
1907 1360 2197 1445 coelique
2214 1369 2519 1445 potestas

637 1465 973 1530 Incestum
1002 1463 1354 1547 dispensat
1383 1466 1556 1529 iter'i
1604 1465 2065 1548 praedantibus
2094 1462 2273 1528 adsit
2290 1465 2322 1527 'l
2418 1519 2429 1532 .

641 1565 894 1642 Macte,
924 1565 1148 1642 Paris,
1177 1565 1483 1645 sceleriS,
1500 1567 1673 1632 alios
1690 1567 1921 1631 melite
1949 1565 2312 1644 ministros,

639 1667 730 1732 Et
757 1685 1061 1730 somnum
1097 1667 1219 1730 tibi
1248 1667 1426 1750 finge
1449 1687 1745 1732 novum:
1788 1686 1923 1731 non
1948 1666 2179 1731 fallere
2206 1674 2455 1731 norunt

645 1767 784 1847 Qui
813 1768 958 1833 falli
985 1775 1342 1852 nequeunt.
1417 1769 1737 1835 Orantem
1767 1768 1946 1834 haud
1979 1769 2261 1834 sustinet
2285 1769 2457 1832 ultra

642 1871 935 1947 ΤιόἰΙιιε,
963 1876 1167 1954 utque
1195 1869 1422 1935 animo
1451 1890 1783 1956 praeceps,
1812 1872 2103 1954 bellique
2134 1871 2355 1937 sititor

644 1972 737 2037 Et
763 1973 986 2055 gladio
1010 1973 1367 2038 consultor
1393 1978 1534 2038 erat
1555 1994 1576 2038 ε
1621 1974 2077 2039 'timidissime
2104 1973 2403 2048 fratrum,

643 2073 869 2152 Vade,
898 2071 1084 2160 (ait,)
1111 2093 1154 2137 o
1185 2075 1482 2140 tenebris
1511 2076 1684 2141 antri
1706 2075 2021 2140 damnate
2050 2074 2387 2157 loquacis,

643 2176 864 2252 Vade,
887 2177 1189 2260 inquam,
1221 2183 1292 2240 et
1321 2177 1593 2258 quoties
1621 2179 1840 2242 visum
1864 2177 1991 2241 tibi
2020 2175 2253 2242 fallere
2280 2176 2570 2260 plebem,

654 2277 866 2360 Finge
899 2277 1117 2344 Deum
1144 2295 1162 2339 z
1201 2278 1403 2342 nobis
1425 2279 1605 2343 alius
1618 2279 1766 2361 jam
1796 2285 2065 2344 constat
2083 2277 2369 2362 Apollo.
2400 2345 2406 2350 ,

652 2379 792 2446 Ibit
817 2377 1235 2443 Alexander:
1279 2365 1413 2444 non
1442 2382 1503 2443 si
1532 2379 1837 2457 Cumana
1868 2388 2204 2457 senectuS,

650 2481 792 2547 Aut
820 2482 998 2547 aries
1025 2480 1356 2566 Libycus,
1370 2489 1487 2547 aut
1517 2482 1815 2548 Chaonis
1844 2484 2198 2568 obstrepat
2218 2483 2385 2560 ales,

654 2585 701 2649 J
704 2604 944 2649 ussum
970 2582 1196 2648 flectet
1223 2583 1388 2648 iter:
1420 2583 1567 2663 ibit,
1591 2583 2032 2669 miseramque
2061 2584 2355 2661 reducet,

651 2684 856 2763 Quod
885 2676 1100 2749 nolles
1129 2691 1374 2763 tamen,
1408 2685 1781 2750 Hesionen.
1869 2686 2267 2751 Conclamat
2286 2684 2555 2749 herilem

651 2787 981 2872 Praeceps
1013 2786 1100 2851 ad
1130 2797 1368 2850 nutum
1398 2785 1661 2871 plebeS,
1692 2788 1925 2853 excire
1959 2788 2311 2866 tumultuS,

577 2966 589 2974 .
655 2888 846 2967 Quos
865 2894 1163 2971 nequeat
1185 2874 1435 2971 sopire,
1464 2894 1704 2972 potens
1728 2910 1745 2952 z
1788 2909 1916 2954 nec
1931 2908 2164 2953 mensa
2190 2890 2503 2965 futurum,

649 2987 905 3069 Audet,
930 3009 1086 3054 cum
1112 3008 1416 3073 praesens
1447 2996 1703 3055 metuat
1722 2989 1931 3056 nihil:
1963 2989 2275 3055 omnibus
2300 3006 2503 3065 arma,

1161 3285 1166 3289 ,
1642 3220 1859 3276 Nom-2

658 3342 750 3399 ait,
770 3355 847 3392 lv.
865 3344 982 3391 273.
1016 3343 1031 3369 ⁴
1047 3340 1124 3389 Ut
1138 3338 1402 3402 tripodum
1420 3339 1635 3403 vulgata
1653 3336 1714 3388 fi·
1793 3338 1975 3389 fallere
1994 3338 2259 3403 prudens?

2736 1361 2823 1427 60

2739 1869 2829 1933 65

2750 2376 2835 2440 70

2760 2888 2849 2950 75

665 3418 758 3467 des
779 3417 812 3465 ε’
834 3418 1003 3467 Statio
1026 3416 1078 3465 id
1103 3423 1203 3477 est,
1227 3416 1241 3443 ‘
1255 3416 1394 3477 Deos
1418 3413 1683 3478 pandere?
1859 3420 1925 3465 64
1961 3416 2191 3463 Orantem
2210 3414 2335 3463 haud
2355 3412 2561 3463 sustinet
2580 3412 2708 3461 altra
2725 3410 2854 3463 Troi-

724 3498 788 3543 ⁵4
815 3493 936 3549 ΟΜ
957 3491 1148 3553 Τιηὶωη
1166 3504 1386 3540 mensura
1399 3491 1552 3556 venit]
1573 3490 1716 3554 Lego
1796 3490 1895 3553 lus]
1928 3489 2073 3538 Talis
2094 3488 2233 3553 apud
2256 3488 2556 3552 Papiniani,
2586 3500 2740 3552 quem
2774 3500 2856 3535 se·

658 3584 886 3619 merwrn.
956 3566 1166 3617 Horatii
1188 3564 1294 3615 od.
1317 3578 1357 3615 1.
1382 3570 1465 3615 15.
1483 3566 1583 3614 nisi
1608 3566 1718 3629 quis
1798 3564 1993 3628 quitur,
2030 3563 2302 3628 Capaneus
2340 3563 2651 3627 Amphiarao
2699 3559 2858 3609 insul·

661 3645 855 3696 referat
879 3645 943 3695 ad
966 3646 1052 3694 illa
1076 3658 1150 3694 vr.
1171 3647 1286 3693 854.
1316 3644 1333 3671 ⁸
1351 3643 1625 3707 'l'rojaeque
1636 3643 1720 3708 ja·
1800 3648 1941 3697 tans,
1964 3653 2053 3691 ιιι.
2075 3644 2189 3690 600.
2204 3642 2304 3689 &c-

659 3724 832 3789 ,centis
854 3721 1036 3772 Metiri
1049 3721 1157 3783 jam
1178 3717 1293 3767 fata
1312 3715 1477 3767 lieet-³

1865 3718 1930 3764 70
1964 3714 2065 3763 Ibit
2099 3713 2400 3777 Alexander]
2457 3710 2597 3761 Illud
2642 3710 2857 3759 nominis

725 3802 790 3848 63
825 3799 940 3847 Non
971 3796 1147 3857 fallere
1177 3798 1352 3842 norunt
1373 3790 1609 3852 Quifalli
1644 3806 1726 3842 ne·
1802 3790 2067 3840 consilium
2092 3790 2245 3839 Paris
2276 3787 2501 3840 obtinuit
2534 3784 2723 3851 λῃστὰς
2746 3784 2859 3835 ἅλε-

660 3874 858 3937 quennt]
868 3873 1008 3921 Vere
1020 3877 1076 3921 et
1087 3870 1218 3919 scite
1232 3868 1447 3918 dictum.
1472 3866 1727 3917 Pindarus
1802 3864 1964 3930 ζήσας,
1985 3873 2043 3917 ut
2065 3866 2139 3917 ait
2161 3866 2404 3930 Apollod.
2427 3877 2513 3915 ιιι.
2538 3866 2650 3912 182.
2704 3861 2859 3913 Ovid-

666 3948 734 3997 de
745 3947 995 4011 Apolline
1008 3945 1168 4010 Pyth.
1192 3940 1361 3993 oms.
1390 3941 1605 3993 mutem
1619 3944 1726 4006 οὐχ·
1760 3928 1767 3933 “
1807 3944 1977 4008 Epist.
2000 3941 2226 3992 Paridis.

666 4024 886 4087 ἅπτεται,
907 4020 1106 4073 κλέπτει
1127 4020 1188 4071 τέ
1204 4038 1286 4082 μιν
1310 4020 1381 4069 Οὔ
1395 4018 1518 4083 θεὸς,
1537 4020 1593 4069 οὔ
1614 4024 1726 4085 βρο-
1874 4022 2087 4070 Cumana
2128 4024 2357 4079 mecm,
2387 4014 2497 4079 ξω]
2541 4012 2863 4077 sibyllinum,

666 4099 771 4164 τὸς,
806 4098 958 4164 ἔργοις
980 4100 1087 4148 οὔτε
1107 4098 1322 4156 βουλαῖς.
1385 4096 1579 4161 Scalig.
1604 4096 1727 4161 Epi·
1808 4098 2074 4149 Ammonis
2102 4098 2266 4158 Jovis,
2296 4104 2354 4146 et
2390 4090 2733 4154 Dodonaeum,
2754 4105 2864 4141 ora-

668 4176 820 4240 dorp.
843 4189 885 4225 1.
917 4184 934 4207 ⁴
957 4174 1077 4240 quid
1102 4174 1300 4239 turpius
1324 4182 1421 4237 est,
1453 4170 1646 4235 fallier,
1663 4186 1730 4223 an
1808 4174 1925 4225 cula
1940 4170 2219 4239 τεριφράζει.

671 4250 875 4316 fallere,
889 4251 1067 4315 justo?
1088 4249 1198 4301 falli
1213 4249 1415 4316 nequit,
1431 4256 1486 4301 at
1505 4250 1731 4301 noluerit
