3173 4957
617 389 747 456 4⁰8

1403 403 1713 452 JouEPffl
1760 404 2013 454 lscAM

625 516 1033 616 Foecufi’dam
1060 529 1318 624 factura
1349 547 1564 610 sitim:
1608 547 1921 629 repetisse
1951 549 2283 632 voluptati,
2342 592 2353 602 «

623 647 710 712 Et
741 648 916 712 vires
948 647 1242 712 conferre.
1270 649 1478 713 libet:
1519 650 1803 714 civiliter
1832 651 1967 732 ipsi

623 748 974 830 Indulgent
1002 768 1312 830 proceres
1345 749 1630 832 cyathiS,
1663 751 2008 832 bibulique
2042 753 2341 827 clienteS‚

2715 755 2803 818 85

625 849 828 913 Heus
861 849 1270 934 Hymenaee!
1317 857 1570 929 sonant,
1602 860 1671 915 et
1698 854 1761 914 in
1794 871 1993 916 aurea
2024 855 2270 934 pocula
2296 855 2454 931 fusi,

623 951 920 1016 Invitant
951 972 1103 1016 sese
1133 954 1422 1035 pateris:
1470 955 1671 1036 plebs
1693 955 1909 1018 mixta
1939 955 2247 1020 Britanni

625 1051 972 1118 Certatura
999 1054 1150 1129 sibi,
1178 1055 1486 1136 longique
1517 1057 1845 1136 potentior
1872 1055 2185 1134 haustae,

623 1153 945 1218 Plebeios
975 1154 1220 1237 gaudet
1244 1155 1488 1220 calices
1517 1161 1586 1220 et
1618 1157 1841 1220 sobria
1871 1158 2029 1221 vina

623 1253 875 1335 Regali
899 1265 1210 1326 mutasse.
1227 1275 1448 1319 mero:
1495 1255 1897 1339 redimitque
1927 1260 2247 1341 voluptas

2718 1265 2805 1329 90

622 1353 808 1418 Rara
837 1375 1081 1434 moraS,
1110 1375 1236 1420 nec
1263 1365 1486 1421 cessat
1509 1357 1723 1432 hianS,
1754 1359 1911 1422 dum
1934 1366 2215 1440 ›pectore
2241 1360 2417 1425 victo

623 1456 883 1538 Lingua
908 1457 1096 1534 fluat,
1125 1463 1426 1524 crescant
1454 1459 1699 1543 lychni,
1732 1459 2014 1540 vestigia
2044 1447 2297 1524 nutent.

1533 1671 1741 1690 “““““

688 1787 750 1831 87
791 1783 1027 1846 Tyrannis
1063 1785 1296 1834 Dresem.
1337 1783 1476 1833 vide
1499 1790 1607 1834 not.

1747 1670 1897 1690 00000

1612 1946 1827 1997 NOTAE

623 2060 777 2108 detur
795 2074 811 2119 ς

845 2061 928 2109 vel
959 2021 1054 2122 pro
1085 2059 1314 2123 ferculis,
1339 2068 1396 2111 ut
1419 2060 1603 2110 Claud.
1626 2065 1675 2112 2.
1754 2061 1961 2124 nuptias
2004 2060 2292 2110 Telamonis
2332 2065 2387 2110 et
2424 2059 2687 2110 Hesiones
2720 2061 2808 2111 de·

623 2136 677 2184 in
719 2137 930 2196 Eutrop.
963 2139 979 2164 ⁸
999 2145 1373 2200 corruptasque
1407 2137 1566 2198 dapes
1591 2151 1675 2183 va·
1756 2134 1954 2197 scribit,
1976 2136 1992 2162 ‘
2013 2137 2142 2185 etin
2174 2151 2329 2185 aurea
2363 2138 2549 2202 pocula
2571 2135 2690 2197 fusi,
2725 2138 2812 2186 In-

624 2211 784 2259 riasse
807 2211 1048 2259 decorum
1072 2211 1107 2259 :’

625 2359 866 2423 variare,'
889 2368 1026 2409 esset
1059 2359 1336 2424 παραθέσεις
1379 2361 1460 2410 vel
1493 2361 1679 2410 missus

1156 2211 1222 2259 de
1255 2226 1357 2274 qua
1382 2225 1438 2259 re
1461 2210 1677 2259 Casaub.
1757 2205 1925 2259 vitant
1946 2225 2059 2258 sese
2094 2211 2305 2273 pateris,
2330 2212 2475 2274 plebs
2508 2212 2671 2260 mixta
2693 2213 2808 2260 Bri-

623 2285 676 2334 in
713 2284 932 2348 August.
964 2286 1107 2336 Suet.
1139 2290 1252 2334 loo.
1316 2286 1404 2334 Its
1439 2288 1455 2314 ‘
1477 2299 1678 2334 mensas
1757 2284 1942 2342 tanni,’
1990 2287 2108 2335 &c.'

2180 2285 2342 2335 Plane
2377 2287 2635 2350 poeticum
2690 2286 2811 2338 est.²

1760 2360 2030 2414 Hactenus
2064 2362 2167 2412 ille.
2206 2393 2211 2398 ⁷
2235 2364 2405 2413 Dares
2428 2366 2701 2430 Phrygius,
2723 2380 2813 2416 cu-

627 2435 797 2503 (Suet.
843 2437 1074 2487 nominat
1119 2437 1412 2501 ‘fercula’)
1459 2443 1679 2487 mutare.
1751 2435 1837 2499 jus
1884 2444 2039 2486 vento
2082 2439 2276 2487 Noster
2316 2441 2545 2503 navigat,
2583 2440 2706 2490 nihil
2746 2441 2814 2491 de

625 2506 838 2562 Menses
872 2528 994 2561 vero
1020 2514 1074 2561 in
1107 2514 1466 2577 dapsilioribus
1502 2514 1679 2563 convi-

629 2590 728 2639 viis
752 2596 808 2639 et
827 2590 1045 2639 Romani
1080 2598 1136 2639 et
1169 2591 1344 2647 Graeci
1379 2591 1679 2656 variabant:

629 2673 842 2729 eratque
881 2668 1036 2715 etiam
1077 2668 1241 2717 alters
1280 2668 1683 2731 esculentorum,

629 2758 792 2806 esque
816 2742 1010 2805 duplex
1045 2757 1111 2791 ex
1145 2744 1382 2791 carnibus
1413 2751 1468 2791 et
1500 2741 1682 2791 fructi·

629 2818 724 2868 bus
745 2835 757 2865 ε
782 2820 945 2866 alters
965 2820 1389 2879 poculentorum:
1415 2832 1514 2880 qua
1537 2817 1603 2865 de
1624 2832 1681 2867 re

633 2894 854 2943 Gasani).
878 2893 943 2941 ad
977 2892 1168 2941 Athen.
1199 2906 1278 2941 xl.
1311 2898 1361 2941 2.
1413 2893 1681 2943 Plutarch.

633 2969 686 3017 in
713 2968 879 3031 Agide
899 2976 955 3017 et
977 2970 1273 3018 Cleomene.
1309 2968 1472 3017 ovid.
1502 2968 1518 2994 ‘
1537 2969 1686 3017 Men-

635 3060 796 3117 saque
833 3060 1118 3109 purpureos
1151 3045 1347 3093 deserit
1381 3046 1492 3093 alta
1519 3043 1686 3093 viros!

633 3121 718 3168 Sic
737 3120 1030 3184 Cleopatra,
1043 3120 1180 3183 apud
1193 3121 1332 3171 Plin.
1350 3134 1427 3169 tx.
1444 3125 1526 3169 35.
1540 3122 1683 3171 unt-io·

634 3212 751 3245 nem
790 3197 1052 3253 haustui-a,
1088 3196 1104 3223 ‘
1123 3211 1346 3246 mensam
1375 3198 1685 3246 secundam'

635 3272 828 3322 inferre
851 3273 1025 3336 jubet.
1091 3274 1223 3323 Vide
1248 3274 1388 3337 Lips.
1425 3288 1491 3323 11.
1518 3276 1687 3325 Elect.

634 3350 835 3400 Victor.
859 3350 984 3399 Ver.
1006 3350 1155 3398 Lect.
1191 3363 1228 3397 ι.
1260 3354 1306 3397 1.
1355 3351 1607 3401 Salmuthi
1630 3359 1686 3401 et

637 3426 908 3475 Pancirol.
939 3426 1004 3473 de
1038 3426 1154 3474 cibo
1186 3426 1436 3490 capiendo
1471 3432 1585 3476 503.
1615 3428 1686 3475 ἐν·

636 3499 903 3551 enula-rem.
926 3498 1161 3565 τράπεζαν
1192 3503 1344 3551 etiam
1379 3504 1687 3567 chrysosto-

634 3593 717 3627 mo
741 3579 1005 3639 usitatum,
1031 3578 1223 3627 Homil.
1245 3581 1295 3625 4.
1319 3582 1402 3627 72.
1424 3578 1489 3627 ad
1524 3594 1687 3643 popu·

633 3655 738 3703 lum
761 3654 1068 3704 Antiochen.

703 3734 766 3779 8⁷
801 3731 1017 3779 Invitant
1037 3744 1138 3778 sese
1149 3728 1356 3789 pateris:
1382 3729 1515 3790 plebs
1532 3730 1687 3779 mixta

634 3806 892 3868 Britanni]
938 3805 1083 3855 Guil.
1107 3802 1451 3864 Cambde-nus,
1478 3806 1560 3853 cui
1594 3820 1684 3855 no-

636 3896 752 3929 men
791 3890 844 3930 et
881 3880 1068 3930 famam
1111 3878 1398 3927 restitutam
1427 3878 1686 3945 Josephus

637 3958 722 4005 hic
743 3957 914 4013 debet,
935 3958 987 4005 in
1013 3970 1102 4004 sits
1121 3954 1406 4017 Britannia,
1431 3972 1479 4019 p.
1495 3960 1576 4007 33.
1610 3958 1687 4007 ita

637 4033 848 4081 scribit:
900 4032 1086 4083 ‘Quod
1124 4045 1246 4081 vero
1280 4030 1553 4080 Britannos
1585 4049 1689 4083 una

637 4122 753 4157 cum
791 4107 1018 4156 Hercule
1059 4109 1109 4155 in
1143 4107 1396 4157 Hesiones
1434 4116 1584 4170 raptu
1611 4109 1687 4157 af-

636 4182 796 4234 fuisse
834 4184 1107 4246 colligatur
1141 4199 1208 4232 ex
1243 4183 1318 4232 his
1353 4184 1599 4249 Cornelii,
1632 4196 1689 4238 ut

634 4258 953 4321 existimant,
994 4258 1238 4323 Nepotis,
1278 4259 1527 4325 versibus,
1565 4262 1687 4313 dum

1765 2511 2045 2574 Britannis,
2070 2514 2354 2579 Dictys,ad
2379 2531 2529 2579 quem
2550 2516 2811 2566 interdum

1761 2589 1993 2652 respicit,
2029 2590 2369 2647 tantumdem.
2432 2594 2654 2645 Quinam
2691 2609 2815 2644 vero

1748 2663 2001 2714 'Britanni
2024 2667 2075 2715 in
2100 2667 2563 2717 auls'l'elsmonis?
2595 2670 2678 2718 vel
2700 2671 2813 2734 quis

1762 2740 1955 2790 Brutus
1995 2742 2161 2791 inibi?
2204 2744 2345 2805 (nam
2371 2760 2401 2791 a
2428 2746 2656 2807 Trojano
2691 2762 2815 2811 quo-

1762 2816 1879 2865 dam
1916 2819 2080 2865 Bruto
2112 2817 2369 2868 deducere
2400 2823 2645 2883 quosdam
2669 2822 2815 2888 novi)

1763 2906 1794 2943 a
1817 2907 1918 2956 quo
1954 2892 2213 2941 Britannis
2249 2896 2517 2944 concilium
2554 2900 2815 2948 nominis?

1762 2970 1899 3031 λῆροι
1921 2966 2095 3031 λήρων,
2118 2968 2197 3017 καὶ
2226 2967 2469 3032 φλήναφοι
2488 2973 2658 3036 μακροί
2676 2976 2687 3022 !
2725 2976 2816 3039 qui

1764 3044 1919 3093 facile
1942 3046 2307 3107 excluduntur,
2328 3047 2372 3095 si
2404 3048 2545 3110 legas
2568 3056 2622 3097 et
2654 3049 2817 3099 inter-

1766 3135 1965 3184 pungas
1988 3136 2205 3179 mecum,
2238 3121 2414 3186 ‘plebs
2447 3125 2612 3173 mixta
2640 3132 2818 3188 tyran-

1765 3196 1847 3245 nis
1862 3196 1897 3246 :'
1919 3196 2168 3261 ἀρχαικῶς.
2208 3198 2433 3248 Firmsnt
2456 3197 2508 3247 id
2526 3202 2817 3263 sequentis,

1762 3274 1781 3301 ⁴
1806 3274 2055 3323 'Plebeios
2089 3272 2280 3336 gaudet
2314 3274 2503 3323 calices
2539 3284 2596 3323 et
2645 3276 2817 3325 sobria

1764 3349 1887 3397 vina
1911 3350 2091 3411 Regali
2113 3357 2335 3399 mutasse
2357 3350 2530 3399 mero.’

1826 3429 1893 3473 90
1926 3425 2225 3487 Redimitque
2242 3426 2454 3489 voluptas
2486 3427 2621 3476 Ram
2640 3428 2819 3491 moras]

1766 3500 2119 3563 Papio-Theb.
2144 3514 2244 3549 vn.
2277 3503 2294 3529 ⁸
2314 3501 2659 3566 Praecipitant
2682 3504 2817 3553 redi-

1764 3584 2011 3640 muntque
2035 3574 2237 3625 moras!

1828 3658 1895 3703 92
1945 3653 2137 3713 Lingua
2166 3653 2321 3716 fluat,
2370 3662 2582 3704 crescam
2639 3656 2816 3719 lychni,

1763 3730 1967 3791 vestigia
2008 3728 2197 3791 nutent]
2261 3729 2325 3779 Id
2370 3732 2569 3781 scilicet
2610 3731 2819 3781 lucrifa-

1764 3806 1908 3853 ciunt
1942 3819 2045 3853 non
2084 3804 2401 3869 ἆκροθῶρηκες
2420 3816 2474 3856 et
2496 3806 2822 3871 ἆκρομέθυσοι,
2864 3846 2869 3849 -

1767 3880 1859 3929 sed
1883 3881 2023 3929 Furii
2044 3882 2119 3930 illi
2144 3882 2382 3937 miraculi,
2418 3876 2616 3931 κυλίκων
2649 3882 2821 3946 ἐρέται.

1767 3954 1906 4006 Οἷνος
1926 3956 2019 4020 ’γὰρ
2038 3957 2123 4006 οὐκ
2140 3955 2243 4019 ἔχει
2264 3954 2485 4015 πηδάλια,
2508 3964 2564 4005 ut
2586 3963 2665 4007 est
2679 3960 2820 4020 apud

1768 4033 2100 4093 Athenaeur'n,
2144 4033 2325 4097 δίθυρον
2362 4031 2423 4080 τὸ
2476 4029 2634 4091 στόμα
2674 4036 2818 4084 ποιεῖ.

1768 4110 1857 4170 Et,
1905 4114 1963 4159 ut
2006 4111 2137 4159 scite
2178 4110 2395 4169 dictum,
2430 4107 2546 4172 ἀνὴρ
2580 4110 2696 4159 πιὼν
2731 4110 2819 4160 τὸν

1769 4182 1911 4249 οἶνον,
1954 4186 2015 4235 ὥς
2052 4186 2169 4247 ὕδωρ
2205 4184 2367 4246 ἵππος,
2402 4185 2620 4235 Σκυθιστὶ
2654 4190 2817 4250 φονεῖ,

1768 4263 1887 4324 μηδὲ
1936 4262 2101 4316 κάππα
2148 4261 2383 4325 γινώσκει.
2464 4264 2673 4317 Lucret.
2729 4278 2817 4317 ιιι.
