3173 4957
661 373 792 438 508
1458 351 1764 434 rossem
1815 383 2065 432 iscnsr

573 615 584 632 x
663 528 1076 595 Dissimilem
1105 533 1356 611 sperat,
1384 525 1657 601 haerent,
1686 526 2064 609 audentque
2097 532 2498 616 paventque,
2556 575 2635 624 N„
2663 539 2701 575 ι*
2730 503 2760 546 ³
2784 466 2801 493 x
2832 478 2860 496 d

543 635 589 669 *³
664 630 1072 712 Alternoque
1101 634 1328 727 ths
1359 627 1715 712 obliquant
1738 627 1989 692 lumine
2014 628 2261 692 vultus.
2418 636 2555 700 ,xvv

751 732 944 796 Ilicet
969 732 1039 794 in
1065 730 1338 814 patulos
1367 732 1552 796 acies
1575 729 1957 796 diffunditur
1984 750 2177 810 agros
2716 734 2843 800 220

661 833 1004 915 Argolica,
1034 839 1104 898 et
1130 852 1266 917 quo
1295 839 1517 898 casu-a
1541 833 1694 912 situ,
1726 849 1863 916 quo
1892 831 2095 894 milite
2126 838 2292 910 tuta,

667 931 804 1010 Qui
829 940 1098 998 teneant
1117 942 1379 1018 portus,
1407 935 1564 998 belli
1590 933 1967 998 moderator
1992 931 2273 998 Atrides

667 1033 962 1116 Digerit:
1003 1035 1118 1100 ille
1148 1036 1384 1101 iterum
1414 1036 1631 1119 raptis
1660 1034 1748 1100 ad
1778 1035 2070 1100 classica
2097 1035 2332 1120 turmis

667 1133 948 1200 Orditur
973 1155 1254 1219 pugnaS,
1273 1136 1554 1222 jamque
1579 1136 1825 1202 aemula
1854 1135 2084 1219 prodit
2110 1137 2179 1200 in
2210 1155 2371 1201 arva

667 1235 1014 1302 Bellatura
1041 1238 1314 1302 cohors:
1360 1245 1595 1304 contra
1620 1237 1755 1322 (sie
1782 1237 2073 1320 impetus
2104 1233 2327 1320 urget)
2714 1237 2844 1304 225

671 1337 737 1401 N
743 1357 831 1401 on
860 1338 1192 1404 defensuri
1213 1345 1573 1423 properant
1601 1338 1919 1422 PhrygeS,
1952 1344 2157 1421 atque
2189 1355 2319 1419 ope
2343 1343 2571 1418 spreta

670 1436 890 1515 Quam
911 1444 1120 1504 turres
1149 1442 1456 1525 murique
1484 1441 1758 1516 dabant,
1790 1457 1941 1504 sese
1968 1434 2277 1503 hostibus
2304 1439 2479 1502 ultro
2520 1459 2525 1464 ·

671 1541 1124 1606 Dardanidum
1153 1545 1367 1625 pubes
1394 1546 1643 1626 aequat,
1670 1539 2051 1623 bellumque
2072 1537 2355 1604 lacessit

672 1640 843 1723 Ipsa
869 1643 1072 1724 prior,
1102 1644 1274 1707 nulli
1291 1643 1434 1727 jam
1454 1661 1860 1726 responsura
1888 1640 2175 1706 vocanti.

757 1741 853 1806 Ut
881 1743 1012 1806 sibi
1041 1743 1311 1808 distitiis
1343 1747 1532 1809 acies
1562 1744 1789 1808 vicina
1813 1742 2209 1827 propinquis
2716 1743 2846 1809 230

673 1841 759 1906 Et
785 1861 1026 1926 campo
1054 1847 1366 1928 propiore
1395 1847 1610 1925 stetit,
1638 1864 1765 1908 non
1788 1844 2055 1926 ignibus
2086 1844 2291 1908 AEtna

671 1942 943 2027 Ruptis,
965 1965 1092 2010 non
1123 1948 1404 2027 geminis
1436 1948 1737 2011 Isthmos
1764 1947 2063 2012 lacerata
2090 1947 2430 2030 procelliS,

671 2043 831 2108 Non
862 2047 962 2110 sic
994 2047 1433 2131 Hippotades
1461 2051 1671 2112 antris
1700 2049 1935 2113 fremit.
2022 2047 2353 2114 Omnibus
2380 2067 2595 2114 ausus

667 2145 909 2228 Auget,
939 2156 1007 2213 et
1027 2149 1328 2213 accendit
1346 2151 1511 2214 iram
1539 2150 1799 2232 fragor:
1844 2149 2155 2233 improba
2181 2150 2432 2214 nullum

673 2247 1052 2314 Frustratur
1081 2251 1236 2314 belli
1264 2252 1496 2314 virtus.
1579 2251 1839 2334 Auriga
1858 2252 2152 2335 jugales,
2720 2251 2849 2318 235

673 2347 897 2431 Seque
926 2350 1136 2433 pedes
1165 2352 1507 2416 stimulat:
1543 2352 1689 2436 jam
1718 2353 1987 2417 dextras
2017 2353 2305 2437 undique
2332 2354 2641 2430 miscent,

672 2446 762 2511 Et
787 2450 1030 2532 quaerit
1057 2451 1185 2516 sibi
1213 2453 1493 2538 quisque
1524 2472 1793 2537 parem:
1838 2474 2022 2541 saepe
2054 2455 2307 2538 impare
2339 2475 2567 2539 pugna

673 2548 814 2614 Aut
840 2553 956 2615 uni
978 2553 1229 2636 plureS,
1259 2557 1378 2617 aut
1397 2554 1705 2637 pluribus
1737 2557 1969 2621 obviat
1999 2575 2198 2618 unus.

672 2650 943 2734 Aspera
962 2654 1106 2737 jam
1139 2656 1401 2720 cunetis
1424 2658 1603 2721 calet
1630 2658 1754 2735 ira,
1784 2658 2183 2742 bipennibus
2207 2676 2400 2722 enses

675 2752 1118 2834 contendunt,
1148 2757 1360 2823 hastae
1373 2759 1653 2841 jaculis,
1682 2760 2085 2843 glandesque
2116 2762 2396 2842 sagittis.
2723 2757 2852 2823 240

759 2854 938 2921 Ecce
971 2856 1422 2923 Menoetiades
1453 2858 1757 2923 Chironis
1786 2880 1947 2925 cura
1976 2861 2295 2938 secunda,

1652 3044 1871 3094 NOTAE

738 3152 836 3199 23⁰
875 3150 942 3199 Ut
980 3151 1072 3199 sibi
1105 3153 1328 3216 discutis]
1377 3156 1451 3205 Ut
1492 3158 1722 3206 inter-sti·
1802 3157 1963 3206 cessit
1986 3156 2153 3222 aqua.’
2204 3155 2487 3221 Papininsz
2510 3160 2527 3187 ‘
2553 3156 2737 3206 Cultor
2756 3155 2850 3205 lon

667 3224 825 3286 -tium,
861 3226 934 3275 ita
969 3226 1220 3277 distitium
1259 3228 1466 3282 format.
1531 3234 1724 3282 Lucre·
1804 3234 1962 3291 Pisae,
2014 3236 2267 3285 cultorem
2320 3235 2572 3297 Daphnea
2608 3232 2853 3297 Cyrrhae!

672 3300 804 3351 tinsz
840 3308 853 3329 ⁸
873 3302 1136 3366 Tantaque
1171 3304 1222 3352 in
1260 3306 1334 3355 his
1357 3309 1508 3357 rebus
1529 3308 1726 3359 distan-
1804 3312 2037 3375 Uterque
2107 3325 2285 3359 versus
2350 3324 2535 3373 magno
2589 3310 2851 3371 scaligero

674 3376 748 3425 tia
765 3374 1120 3441 differitasque
1143 3379 1260 3429 est!
1805 3384 2058 3435 laudatus.
2120 3386 2271 3435 Tales
2293 3385 2447 3434 multi
2477 3384 2699 3434 fornacis
2726 3384 2853 3433 Ovi·

739 3454 834 3500 231
873 3453 942 3501 Et
975 3468 1136 3516 campo
1174 3456 1390 3519 propiore
1421 3460 1580 3524 stetit]
1642 3460 1727 3509 Sic
1802 3460 1989 3522 dianm,
2024 3446 2087 3509 in'
2118 3462 2301 3525 quibus
2336 3461 2559 3511 rotunda
2589 3457 2853 3519 συμπλοκή·

674 3540 752 3577 vi.
773 3528 788 3555 ‘
809 3528 878 3576 Et
901 3528 1100 3578 medius
1123 3529 1378 3581 decrescit
1402 3534 1562 3596 ager?
1625 3536 1727 3584 Pa·
1803 3537 2021 3587 Metam.
2054 3550 2129 3588 iv·
2166 3540 2181 3565 ⁸
2200 3538 2396 3587 Umbra
2417 3538 2511 3586 viri
2532 3537 2638 3585 visa
2658 3543 2761 3597 est,
2784 3536 2851 3585 vi-

663 3602 783 3665 ‚pim
808 3616 928 3653 vm.
947 3606 962 3633 ‘
979 3604 1302 3670 mediumque
1323 3608 1504 3659 vident
1525 3610 1729 3659 decret·
1802 3628 1913 3663 sam
1934 3614 2051 3665 fera
2074 3613 2223 3664 saevit
2242 3615 2297 3663 in
2323 3612 2585 3663 umbram?
2636 3613 2851 3661 Metam·

671 3692 792 3727 cere
828 3678 1096 3742 campum!
1181 3682 1498 3733 Claudianus
1535 3684 1727 3735 Ruffin.
1801 3702 1885 3742 rx.
1906 3691 2146 3741 ‘Somnia
2168 3691 2367 3754 pondus
2406 3690 2631 3739 habent?
2676 3704 2742 3737 an
2780 3690 2852 3737 ha·

672 3766 740 3805 ιι.
773 3758 788 3782 ⁸
807 3753 1108 3805 decrescere
1129 3770 1339 3819 campus
1363 3758 1597 3824 Incipit.'
1804 3764 1933 3815 hent
1965 3773 2022 3816 et
2058 3768 2253 3817 somnia
2288 3766 2487 3829 pondus
2504 3766 2541 3815 Ρ
2572 3766 2627 3815 in
2662 3766 2849 3814 Fastis:

736 3834 834 3879 232
882 3831 997 3897 Non
1034 3832 1240 3893 geminis
1277 3833 1483 3883 Isthmos
1518 3838 1728 3887 lacerata
1804 3843 1821 3872 ⁴
1843 3844 1960 3893 Una
1980 3843 2093 3893 dies
2115 3843 2303 3893 Fabios
2338 3843 2405 3893 ad
2431 3843 2625 3893 bellum
2646 3842 2849 3891 miserat

667 3906 906 3969 procellis]
940 3907 1129 3970 Papin.
1163 3921 1203 3957 ι.
1236 3908 1397 3960 Theb.
1432 3913 1448 3938 ‘
1466 3916 1522 3961 et
1541 3912 1597 3961 in
1619 3926 1724 3963 me·
1802 3932 1999 3969 omnes.
2020 3916 2105 3967 Ad
2119 3919 2309 3969 bellum
2326 3920 2508 3969 missos
2524 3918 2751 3983 perdidit
2761 3929 2849 3966 nna

669 3982 770 4033 diis
792 3984 936 4033 audit
955 3983 1059 4033 dno
1079 3984 1260 4035 littora
1279 3988 1511 4051 κινυρὴ]
1802 3995 1954 4047 dies?
1994 3996 2011 4024 ⁸
2036 3996 2205 4047 Instat
2248 4010 2423 4046 amnne
2464 3995 2627 4045 hostis
2669 3995 2847 4059 pretio,

735 4062 835 4109 238
865 4059 968 4109 Aut
999 4060 1088 4109 uni
1115 4063 1292 4125 plures,
1312 4068 1396 4113 aut
1414 4064 1626 4128 pluribus
1644 4067 1723 4115 ob-
1806 4072 2169 4137 precibusque,
2204 4072 2490 4136 minisquet
2528 4072 2647 4121 Nec
2684 4082 2846 4136 prece,

667 4134 776 4184 viat
811 4136 954 4199 anm]
1010 4136 1408 4203 Ἀναστροφόδην,
1446 4148 1506 4190 ut
1543 4142 1723 4193 Ovidii
1798 4163 1903 4199 nec
1928 4151 2115 4213 pretio,
2140 4162 2239 4199 nec
2258 4155 2432 4200 movet
2452 4150 2543 4201 ille
2566 4149 2757 4201 minis)

673 4208 802 4259 iuud
817 4227 834 4262 ι
858 4217 873 4242 ⁸
889 4212 1084 4264 Cedere
1093 4216 1252 4278 jussit
1267 4231 1470 4282 aquam,
1481 4219 1633 4283 jmsa
1648 4236 1726 4271 re·

2821 429 2932 475 Ἇικ
