3173 4957
787 370 794 377 ’
920 403 1021 450 mr
1066 401 1353 450 morra
1398 399 1802 462 casuum,
1845 387 1968 450 etc.
2411 386 2544 452 641

360 539 565 616 dicun,
613 549 677 602 et
690 540 811 614 ⁴des
834 541 971 623 plus
992 541 1255 604 illustres
1271 541 1481 610 ,Heron
1509 541 1588 604 de
1615 538 1966 622 l'Antiqnite
2015 555 2298 622 payenna,
2318 558 2434 621 por-
2457 537 2547 602 M.

360 638 609 720 Dupuy,
628 640 709 698 ou
730 637 851 698 l'on
872 637 984 700 fait
1008 638 1133 709 voit
1154 637 1359 718 quefflle
1386 636 1588 710 Culte,
1623 636 1727 704 les,
1741 637 2076 718 Mysteres‚'
2091 634 2182 698 les
2212 637 2548 713 sacrifices,

357 743 423 794 et
447 734 539 794 les
568 743 766 794 autres
796 733 1178 796 Ceremonies
1222 734 1303 794 du
1332 731 1693 814 Paganisme
1737 751 1814 794 ne
1842 742 1984 793 sont
2025 751 2143 812 que
2185 732 2293 792 des
2343 735 2546 815 copies

357 823 723 908 imparfaites
772 827 849 888 de
895 829 1199 890 l’Histoire
1247 830 1463 903 sainte,
1508 829 1792 914 Daretem
1819 827 2054 906 Gallica
2081 845 2258 906 prosa
2283 838 2545 890 verterat

358 923 587 986 soeculo
618 923 748 1004 jam
787 923 1199 986 tertiodecimo
1248 921 1618 985 Gotofredus
1667 923 1745 984 de
1770 921 2188 995 Waoerfordia,
2227 923 2550 999 Hibernus,

312 1089 315 1092 J
360 1020 513 1081 Ord.
543 1019 1036 1083 Praedicatomm.
1066 1020 1223 1082 Vide
1248 1021 1386 1083 Jac.
1414 1018 1756 1080 Echardum
1781 1018 1858 1092 de
1893 1019 2274 1098 scriptoribus
2301 1018 2548 1082 Ordinis

360 1115 744 1176 Dominicani
771 1115 839 1176 Τ.
875 1107 924 1177 1.
951 1137 1014 1198 p.
1040 1117 1182 1176 467.
1265 1117 1405 1176 Non
1434 1113 1851 1189 omittendum,
1897 1113 2062 1194 quod
2086 1114 2280 1176 Dares
2307 1113 2555 1178 Gallico·

360 1212 541 1294 etiam
565 1219 752 1271 metro
779 1211 1057 1274 astrictus
1085 1221 1250 1274 extat
1287 1212 1351 1272 in
1396 1211 1605 1288 codice
1643 1209 1860 1281 ‘saeculi
1910 1229 2044 1272 xrr.
2091 1211 2544 1272 membranaceo

363 1307 754 1369 Bibliothecoe
780 1307 1187 1368 Ambrosianoe
1210 1307 1706 1380 Mediolanensis.
1742 1305 1895 1366 Vide
1919 1305 1995 1364 V.
2021 1306 2094 1366 C.
2119 1304 2448 1367 Bernhardi
2467 1307 2544 1368 de

360 1381 780 1463 Montfaucon'
795 1403 1064 1464 Diarium
1100 1403 1372 1465 Italicum
1395 1424 1455 1483 p.
1492 1404 1588 1470 19.
1636 1411 1698 1462 et
1723 1401 2248 1482 Palaeographiam
2267 1403 2546 1464 Groecam

359 1516 425 1577 p.
457 1500 593 1558 138.
620 1497 724 1558 ubi
740 1497 927 1559 habes
946 1519 1152 1561 versus
1174 1499 1462 1579 quosdam
1478 1497 1842 1578 metaphrasi
1872 1497 1958 1557 illi
1984 1498 2344 1577 proemissos.
2388 1500 2552 1560 Con·

360 1591 613 1665 ferenda
649 1593 857 1655 itidem
883 1593 1145 1656 Historia
1168 1595 1427 1676 Trojana
1470 1592 1697 1673 scripta
1721 1612 1758 1652 a
1783 1592 2064 1679 Gnidone
2115 1593 2192 1658 de
2219 1594 2540 1670 Columna,

360 1687 847 1761 Messanensi,a.
877 1689 1155 1752 01287.
1187 1700 1367 1772 atque
1394 1689 1557 1752 edita
1576 1686 1926 1768 Argentinoe
1952 1689 2128 1750 1486.
2158 1699 2221 1752 et
2243 1691 2426 1753 1489.
2445 1690 2552 1753 fol.

362 1783 632 1863 Utraque
659 1783 843 1844 editio
870 1785 947 1846 ad
974 1805 1188 1847 manus
1214 1786 1357 1854 miln
1386 1794 1501 1846 est.
1558 1783 1809 1866 Incipit.
1853 1783 2072 1851 ‘Licet
2095 1785 2314 1846 cotidie
2351 1796 2556 1847 vetera

365 1879 705 1946 recentibus
731 1881 1095 1943 obruantur?
1173 1882 1246 1940 In
1286 1881 1415 1961 ejus
1457 1879 1710 1960 prologo
1757 1879 1891 1938 baec
1932 1881 2115 1942 verba
2140 1880 2442 1960 leguntur,
2489 1883 2555 1942 in

361 1975 581 2054 quibus
626 1974 871 2037 Latinus
897 1975 1149 2058 Dictyos
1175 1976 1465 2056 interpres
1482 1973 1682 2038 malta
1703 1972 1910 2036 Groui
1931 1971 2210 2037 omisisse
2243 1977 2510 2056 arguitur
2534 1999 2553 2040 ι

362 2076 381 2104 ‘
412 2070 504 2130 Ea
526 2089 664 2148 quoe
692 2089 797 2150 per
815 2071 1013 2133 Ditem
1041 2071 1202 2154 (kege
1220 2072 1493 2152 Dictya)
1506 2063 1806 2132 ‘Graecum'
1823 2079 1887 2132 et
1909 2069 2234 2150 Phrygium
2251 2071 2556 2146 Daretem,

363 2165 469 2245 qui
494 2173 757 2246 tempore
778 2166 1017 2248 Troiani
1042 2167 1199 2235 Belli
1217 2167 1495 2228 continue
1514 2166 1577 2226 in
1597 2184 1802 2226 eorum
1822 2166 2180 2232 exercitibus
2209 2169 2374 2231 fuere
2398 2168 2558 2249 prae‘-'

364 2271 591 2334 sentes,
636 2271 699 2322 et
721 2262 953 2335 horum,
1000 2281 1135 2342 quo
1164 2261 1459 2332 viderunt,
1485 2270 1630 2322 sunt
1671 2260 2002 2324 fidelissimi
2044 2263 2354 2337 relatores,
2401 2273 2467 2326 et
2494 2265 2560 2325 in

363 2365 721 2438 praesentem
736 2356 1007 2418 libellum
1030 2377 1259 2440 perine
1288 2353 1575 2437 jndicem
1593 2355 1936 2418 Gaidonem
1965 2357 2042 2418 de
2066 2359 2364 2420 Columna
2391 2361 2559 2424 Mes-

366 2458 519 2517 sana
534 2463 872 2517 mmmm
896 2453 1199 2537 legentum*
1220 2451 1407 2534 prout
1434 2453 1500 2513 in
1524 2451 1766 2513 duobus
1783 2443 1958 2514 ‘libris
1979 2472 2186 2528 eorum
2209 2455 2562 2538 inscriptum

360 2551 543 2631 quasi·
563 2570 687 2629 una
712 2550 879 2611 vocis
918 2548 1318 2613 consonantia
1360 2549 1670 2610 iuventam
1713 2559 1820 2609 est.
1837 2545 2118 2609 Athenis.
2199 2550 2564 2630 Quanquam

366 2654 567 2707 autem
608 2646 721 2706 hos
758 2646 994 2708 libellos
1019 2645 1265 2725 quidam
1294 2644 1628 2717 Romanus,
1651 2643 1972 2723 Cornelius
1999 2645 2263 2719 nomine,
2293 2646 2564 2707 Sallustii

366 2741 571 2821 magni
598 2760 809 2821 nepos,
833 2742 895 2823 in
923 2741 1199 2803 Latinum
1226 2740 1544 2803 transferre
1569 2739 1882 2812 curaverit,
1925 2749 2126 2800 tamen
2155 2740 2300 2801 dum
2326 2742 2566 2803 labora-

366 2847 461 2897 ret
485 2837 729 2897 nimium
769 2838 964 2909 brevis
1002 2856 1157 2911 esse,
1195 2834 1581 2918 *particularia
1623 2834 1888 2896 historiae
1937 2834 2147 2919 ipsius,
2190 2857 2328 2917 quae
2369 2838 2563 2919 magis

366 2942 622 3015 possunt
648 2932 885 2996 allicere
912 2932 1144 2995 animos
1174 2932 1535 3001 auditorum,
1589 2949 1716 3010 proe
1742 2930 2261 2995 nimiabrevitate·
2278 2932 2561 2995 indecen-

368 3038 461 3089 ter
488 3027 705 3111 omisit.
788 3029 859 3088 In
884 3027 1001 3091 hac
1026 3028 1208 3109 igitur
1246 3028 1397 3089 serie
1432 3024 1619 3089 libelli
1644 3036 1838 3089 toturn
1865 3028 2160 3105 invenitur
2187 3028 2562 3111 inscriptum,

367 3123 532 3207 quod
563 3124 640 3187 de
674 3132 805 3191 tota
831 3124 1080 3186 historia
1121 3122 1532 3186 universaliter
1572 3131 1636 3182 et
1676 3124 2114 3207 particulariter
2139 3134 2378 3205 gestum
2411 3126 2546 3189 fuit.
2551 3128 2568 3153 ’

368 3221 541 3281 Idem
582 3220 837 3301 scriptor
882 3220 963 3283 ad
1005 3218 1233 3281 calcem
1280 3218 1514 3299 operist
1560 3220 1694 3279 Et
1733 3237 1848 3299 ego
1892 3218 2096 3302 Guido
2145 3220 2222 3283 de
2267 3220 2566 3289 Columna

360 3316 553 3397 judex
580 3314 657 3382 de
686 3315 976 3377 Messana
1000 3314 1352 3397 predictum
1372 3314 1574 3377 Ditem
1594 3314 1871 3395 (Dictyn)
1892 3314 2214 3375 Graecum
2198 3334 2261 3376 m
2283 3317 2564 3379 omnibus

371 3432 506 3473 sum
532 3419 798 3484 secutus,
826 3432 933 3491 pro
960 3432 1033 3473 eo
1060 3411 1265 3491 quod
1251 3431 1379 3493 ipse
1406 3412 1577 3471 Dites
1617 3412 1886 3491 (Dictys)
1929 3411 2256 3489 perfectum
2299 3422 2366 3485 ct,
2401 3431 2568 3485 corn-

370 3508 600 3588 pletum
619 3506 795 3568 fecit
777 3526 841 3570 ιιι
860 3508 1132 3568 omnibus
1151 3526 1305 3587 opus
1326 3525 1517 3578 suum,
1538 3500 1624 3567 ad
1645 3505 1948 3566 literarum
1969 3504 2250 3580 videlicet
2269 3507 2566 3584 solatium,

370 3612 451 3687 nt
467 3622 668 3663 veram
695 3602 966 3664 notitiam
991 3603 1255 3663 habeant
1279 3602 1591 3681 proesentis
1629 3600 1924 3683 historiae.
1965 3611 2027 3662 et
2049 3613 2120 3679 ut
2144 3604 2338 3683 magis
2363 3604 2568 3667 delec-

372 3688 577 3761 tentur
600 3698 664 3757 in
690 3697 841 3780 ipsa.
924 3698 1003 3787 Et
1040 3718 1154 3777 ego
1178 3697 1485 3759 historiam
1514 3698 1706 3780 ipsam
1736 3716 2044 3779 ornassem
2069 3700 2389 3763 dictamine
2430 3700 2568 3781 pul·-

374 3794 594 3855 chriori
619 3808 729 3873 per
756 3793 1071 3875 ampliores
1090 3794 1469 3875 metaphoras
1500 3802 1562 3855 et
1586 3793 1838 3867 colores,
1859 3805 1920 3857 et
1937 3815 2046 3877 per
2061 3797 2568 3879 transgressiones

375 3876 777 3964 occurrentes,
814 3909 951 3969 quse
976 3890 1167 3973 ipsius
1196 3890 1539 3965 dictaminis,
1566 3901 1709 3954 sunt
1733 3892 2002 3974 picturae.
2085 3892 2209 3956 Sed
2227 3893 2465 3971 territus
2493 3914 2570 3968 ex

376 3984 788 4066 magnitudine
814 3986 1054 4066 operis}
1084 3991 1198 4049 Orc.
1282 3986 1424 4049 Non
1466 3986 1781 4051 intermisit
1815 3996 2012 4050 tamen
2059 3988 2262 4051 Guido
2303 3990 2468 4063 varia
2491 4010 2570 4051 ex

381 4100 494 4143 suo
520 4081 847 4163 saeculique
876 4083 969 4144 sui
1010 4082 1253 4164 ingenio
1280 4092 1563 4159 attexere,
1607 4094 1679 4146 ut
1715 4084 1923 4164 lectori
1961 4093 2190 4165 attento
2237 4085 2415 4148 facile
2458 4104 2568 4167 pa·

378 4176 547 4239 tebit.
629 4176 837 4240 Italice
878 4179 1078 4243 lucem
1114 4178 1265 4243 vidit
1311 4178 1579 4243 venetiis
1627 4182 1803 4243 1481.
1848 4180 1955 4245 fol.
2037 4180 2412 4251 Germanica
2437 4204 2569 4247 ver-

450 4267 627 4353 Delpk.
645 4282 695 4327 κ
723 4274 839 4337 Ver.
865 4276 995 4329 Clas.
1321 4277 1461 4329 Dict-
1484 4276 1620 4330 Cret.
1639 4281 1722 4344 ξε.
2357 4286 2390 4333 2
2411 4280 2447 4330 S
