3173 4957
921 433 1018 482 DF.
1071 432 1306 480 REM-o
1351 425 1697 481 TROJANO
1744 434 1889 482 mn.
1938 434 1984 481 1.

367 579 634 644 Detulit
662 578 728 640 iu
755 575 964 641 fures:
1012 582 1242 642 auctor
1267 576 1432 640 ratis
1461 575 1714 656 ArguS,
1744 583 1813 640 et
1842 575 2027 658 Argo

2416 419 2547 484 375

2456 575 2543 641 80

365 681 586 746 Navis
614 687 780 756 erat,
813 678 934 742 sed
963 686 1235 760 uterque
1258 677 1486 742 rudis:
1529 679 1625 741 nil
1653 677 1770 742 illa
1790 678 2095 761 superbe,

366 782 528 846 Non
559 800 720 845 auro
752 781 1046 862 Superos
1076 780 1274 856 laesit,
1303 797 1439 844 non
1467 779 1747 862 rupibus
1778 797 2032 844 aurum.

451 885 600 948 Stat
622 883 868 946 dubius
898 901 1110 946 novus
1141 882 1382 964 hospes
1415 899 1629 964 aqua:
1678 881 2093 964 reditumque
2122 883 2477 966 fugamque
2528 885 2537 893 “

367 986 690 1064 Ludentis
722 984 936 1067 pelagi
965 985 1262 1060 miratur,
1292 989 1358 1046 et
1385 1001 1659 1066 aequora
1691 984 1841 1046 visu

368 1087 663 1162 Metitur,
690 1086 1058 1168 patriaeque
1094 1087 1278 1167 pium
1309 1086 1649 1151 consultat
1677 1103 2008 1149 amorem:

2462 1087 2547 1150 85

369 1189 621 1254 Virtuti
647 1187 1022 1252 nutu-facili
1053 1207 1362 1251 cessurus
1391 1196 1459 1250 et
1489 1187 1706 1251 undis.

369 1290 502 1354 Sed
532 1291 709 1372 rapit
738 1309 904 1353 aura
923 1302 1152 1354 ratem.

1243 1289 1568 1368 Quonam,
1602 1309 1733 1370 quo
1764 1287 2079 1370 naufraga
2108 1288 2325 1352 tendis
2346 1290 2375 1350 Τ

371 1391 530 1470 Quo
562 1391 848 1474 populos
875 1392 944 1454 in
971 1391 1116 1454 fata
1147 1391 1394 1455 trahis?
1439 1397 1502 1454 te
1531 1411 1613 1454 ne
1644 1409 1883 1472 angue,
1911 1390 2016 1453 vel
2046 1392 2246 1455 armis

374 1493 781 1557 Pati-andum
811 1493 1062 1557 fastidit
1089 1495 1314 1576 opus?
1361 1495 1504 1556 scio
1535 1492 1742 1558 taedia
1780 1493 1986 1569 tollis,

373 1595 669 1659 Delicias
699 1595 863 1659 lethi
895 1597 1180 1678 quaeris:
1226 1615 1400 1659 nunc
1431 1601 1621 1660 utere
1650 1613 1824 1658 saxo

369 1696 572 1760 Terra
602 1701 861 1778 potenS,
895 1705 1097 1781 atque
1124 1697 1390 1781 injectae
1423 1697 1895 1781 Symplegadis
1922 1697 2058 1760 ictu

1355 1935 1564 1987 1401*AE

370 2080 508 2130 uude
533 2080 840 2144 Magnetida
858 2081 998 2143 Argo
1022 2089 1226 2130 vocant.
1263 2081 1420 2131 Ovid.

368 2157 422 2204 in
448 2157 648 2218 Pagasa
673 2167 838 2218 portu.
876 2157 994 2205 vid.
1022 2157 1160 2221 Hyg.
1183 2171 1244 2206 ιι.
1278 2156 1420 2220 Argo

1502 2088 1620 2130 acta
1644 2093 1738 2142 per
1760 2077 1962 2129 undas!

1565 2164 1631 2209 88
1652 2161 1715 2208 Te
1731 2174 1789 2208 ne
1808 2173 1979 2220 ungu,
2000 2159 2076 2206 vel
2096 2158 2241 2206 armis
2257 2158 2555 2208 Patr-andum

370 2228 628 2280 nominata
651 2233 714 2281 ab
737 2242 967 2294 auctore,
993 2243 1051 2284 ut
1084 2241 1138 2282 et
1165 2235 1352 2283 Noster
1369 2241 1423 2283 et
1487 2234 1689 2296 fastidit
1710 2235 1850 2298 opus]
1894 2233 2083 2283 Nescio
2121 2249 2183 2282 an
2223 2234 2390 2283 omnia
2426 2235 2553 2282 satis

373 2307 613 2370 Apollod.
641 2322 678 2358 1.
702 2311 783 2358 42.
817 2310 896 2357 vel
935 2317 1147 2372 propter
1181 2310 1418 2358 celerita-

371 2392 496 2432 teiu.
561 2385 799 2434 Haemum
851 2400 972 2434 vero
1013 2401 1106 2435 cur
1159 2387 1418 2436 nominet?

371 2474 488 2509 cum
511 2457 714 2509 Pelium
749 2475 922 2512 omnes
947 2460 1056 2512 fere
1089 2463 1280 2513 velint:
1318 2464 1420 2514 Eu-

369 2536 502 2592 nius,
537 2537 664 2585 item
707 2538 920 2587 Hieron.
946 2542 1026 2587 16.
1081 2540 1097 2566 ⁴
1126 2538 1328 2587 Utinam
1354 2553 1420 2587 ne

369 2610 420 2661 iu
445 2626 654 2661 nemore
693 2613 872 2675 Pelio·,’
897 2614 1032 2678 quod
1057 2615 1212 2663 toties
1239 2616 1421 2663 Cicero

369 2688 550 2745 iterat,
565 2698 620 2737 et
643 2690 830 2750 Varro,
847 2689 1136 2737 desunitum
1155 2704 1218 2739 ex
1244 2690 1422 2751 Eurip.

369 2765 595 2813 Medeae
631 2765 848 2835 Quintil.
886 2778 937 2813 v.
971 2765 1038 2813 de
1073 2764 1240 2813 causis
1273 2766 1424 2828 louge

371 2840 567 2902 petitis.
623 2841 754 2889 vide
796 2840 1008 2889 eandem
1049 2854 1154 2889 rem
1197 2840 1421 2904 eleganti

369 2916 538 2979 σωρείᾳ
561 2915 697 2979 apud
733 2915 897 2965 Clcm.
933 2914 1082 2965 Alex.
1115 2916 1305 2966 Sti-om.
1328 2916 1418 2964 lib.

370 3004 500 3041 viu.
534 2992 764 3040 Forsitan
785 2993 878 3040 hoc
899 2992 1044 3048 fecit,
1068 2994 1186 3056 quia
1209 2992 1422 3041 Haemus

369 3068 636 3117 Thraciam
679 3082 710 3117 a
743 3069 1006 3117 Thessalia
1043 3068 1328 3133 distinguit,
1365 3076 1422 3118 ut

370 3145 576 3193 Servius
599 3146 704 3207 uit3
740 3145 879 3209 Argo
899 3161 1017 3195 vero
1050 3147 1066 3173 ⁴
1081 3146 1326 3195 Thessala
1349 3146 1423 3208 pi·

371 3235 466 3270 nus
484 3222 498 3244 ’
519 3224 705 3285 sapius
721 3222 894 3270 Poe‘tis
913 3223 1071 3270 dieta.
1105 3222 1262 3269 ovid.
1283 3223 1422 3270 Fast.

373 3310 426 3346 ν.
449 3298 464 3325 ‘
481 3297 663 3353 Pelion
685 3296 966 3347 Haemoniae
987 3312 1130 3347 mons
1145 3304 1223 3346 est
1241 3298 1425 3346 obver-

371 3387 456 3421 sus
473 3372 524 3421 in
550 3372 834 3429 Austrum.’
875 3374 958 3423 De
989 3372 1175 3423 Haemo
1201 3372 1318 3423 vide
1343 3373 1426 3421 Li·

373 3448 508 3497 vium
533 3462 620 3499 xt..
1153 3476 1166 3489 ·

439 3529 503 3574 80
544 3526 734 3574 Detulit
755 3526 808 3574 in
829 3524 994 3588 fut-es]
1027 3526 1110 3574 Ita
1143 3525 1290 3589 virg.
1315 3524 1425 3573 AEu.

373 3612 458 3649 lx.
471 3602 486 3628 ‘
503 3603 705 3651 Detulit
721 3603 772 3649 iu
787 3602 985 3652 terras!
1011 3604 1250 3652 Curvero
1263 3600 1432 3651 fures?

374 3689 440 3724 an
463 3676 586 3739 quia
609 3676 831 3741 dixerat,
856 3679 871 3705 ‘
887 3680 970 3741 qui
991 3684 1236 3741 caperent
1270 3679 1428 3726 thala-

377 3766 504 3812 mos,
545 3753 826 3813 spoliarent
850 3768 1006 3816 regna
1042 3755 1262 3804 metallis
1281 3753 1312 3801 :'
1345 3756 1428 3803 vol

372 3830 496 3893 quia
518 3827 662 3877 fures
685 3829 827 3877 attrei
851 3831 1050 3879 velleris
1071 3833 1089 3879 ?
1123 3830 1260 3880 furto
1273 3831 1428 3892 euim,

263 3946 270 3949 .
375 3904 514 3968 quod
547 3910 629 3953 est
659 3902 859 3959 fraude,
899 3905 1100 3954 Medeae
1135 3906 1261 3955 illud
1295 3907 1429 3956 obti-

375 3988 501 4030 nent
519 3997 533 4029 :
556 3981 630 4029 sle
651 3978 786 4029 iufra
808 3983 823 4009 ⁶
841 3982 1133 4045 praedonem
1149 3986 1160 4009 ⁹
1175 3983 1428 4033 vocatJa·

377 4070 568 4105 sonem.

381 4126 384 4131 ’
439 4136 500 4179 87
536 4132 632 4181 Sed
651 4132 778 4196 rapu
797 4148 914 4183 aum
936 4133 1110 4196 ratem]
1134 4134 1318 4197 Papiri.
1339 4148 1424 4185 ιιι.

374 4206 516 4269 Sylv.
551 4210 566 4234 ⁶
585 4208 856 4269 Audimur,
879 4218 1032 4259 vocat
1055 4210 1166 4271 ipse
1203 4219 1362 4259 ratem
1384 4211 1425 4261 :’

376 4284 526 4345 pitulo
560 4294 692 4347 post,
723 4287 738 4313 ‘
765 4283 897 4348 fugit
942 4300 1066 4335 ecce
1110 4300 1264 4349 vagas
1302 4287 1424 4336 ratis

1498 2327 1641 2360 sana.
1692 2312 1863 2360 Plaut.
1900 2312 1915 2338 ‘
1941 2309 2137 2359 fastidit
2154 2310 2253 2358 mei
2273 2309 2303 2358 τ’
2323 2308 2557 2358 ‘fastidi-

1499 2403 1612 2438 mur
1637 2387 1919 2448 bnuoruut‚'
1957 2388 2214 2436 Lucilius:
2249 2388 2266 2415 ⁴
2292 2387 2427 2435 Meri
2454 2384 2555 2436 fas-

1499 2465 1621 2515 tidis
1642 2464 1656 2487 '
1690 2465 1867 2513 Plaut.
1908 2464 1960 2513 in
1982 2463 2192 2513 Sticho:
2228 2462 2433 2526 ‘pabuli
2456 2461 2555 2512 fas·-

1503 2540 1689 2601 tidire,’
1722 2550 1907 2589 atteror
1942 2540 2198 2589 Dirarum.
2265 2539 2559 2603 Usurpatur·

1501 2618 1582 2665 hic
1622 2630 1735 2677 pro,
1770 2614 1979 2663 fastidio
2020 2612 2207 2663 afficit:
2244 2622 2301 2663 ut
2333 2614 2469 2663 infra
2504 2626 2557 2663 ν.

1507 2694 1617 2739 198.
1639 2692 1659 2721 ‘²
1679 2688 1911 2738 fastidita
1930 2686 2105 2737 auris!
2126 2695 2181 2736 et
2196 2700 2249 2735 v.
2270 2692 2382 2737 219.
2405 2691 2419 2716 ‘
2434 2702 2559 2752 quo·

1505 2780 1615 2813 rum
1639 2763 1841 2813 fastidit
1868 2778 1985 2812 usus
2010 2776 2228 2826 regnare
2246 2764 2559 2825 negantem-³

1505 2840 1759 2889 Plroedrus
1786 2852 1866 2888 lv.
1889 2843 1971 2887 64.
1995 2842 2009 2867 ⁸
2034 2838 2120 2903 qui
2139 2838 2413 2888 stultitiam
2438 2854 2560 2888 nau-

1503 2915 1689 2966 seant!
2516 2928 2523 2935 ·

1565 2996 1631 3040 90
1664 2991 1879 3040 Delicias
1908 2990 2023 3039 lethi
2056 2989 2255 3054 queris]
2292 2992 2375 3040 Sic
2396 2990 2557 3043 infra:

1504 3074 1518 3095 ⁶
1542 3068 1669 3115 ratis
1696 3065 1930 3129 Atropou
1955 3065 2139 3115 aunt!
2176 3066 2344 3114 Multa
2361 3068 2409 3115 in
2426 3068 2559 3117 hunc

1505 3156 1708 3191 sensum
1736 3142 1869 3204 apud
1896 3142 2067 3205 plures
2090 3147 2342 3191 auctores.
2397 3143 2559 3206 Prop.

1511 3221 1701 3268 ‘Terra
1740 3232 1917 3282 parum
1960 3217 2163 3267 fuerat:
2209 3217 2325 3267 fatis
2367 3218 2561 3283 adjeci-

1505 3310 1617 3344 mus
1634 3296 1829 3343 undss:
1857 3296 2063 3344 Naturae
2090 3294 2303 3343 miseras
2326 3295 2561 3344 :iunximus

1507 3376 1621 3419 arte
1666 3370 1807 3419 vias!
1862 3369 2111 3418 Phaedrus
2155 3384 2230 3418 iv.
2271 3372 2287 3398 ‘
2314 3370 2560 3431 professa

1507 3446 1689 3495 mortis
1746 3443 1919 3500 viam?
1976 3446 2224 3506 nominat,
2292 3444 2563 3509 αὐθαίρετον

1505 3519 1721 3571 θάνατον.
1776 3520 1905 3569 Ptin.
1930 3532 2049 3567 xxx.
2074 3522 2089 3549 ‘
2115 3535 2451 3582 provocamus
2477 3536 2565 3573 ve-

1504 3601 1566 3649 lis
1604 3596 1667 3647 et'
1704 3597 2029 3660 navigatione
2072 3596 2326 3646 mortem.’
2374 3599 2563 3649 Lucan.

1505 3670 1592 3726 in.
1615 3681 1628 3703 ⁸
1652 3673 1871 3738 fatisque
1898 3685 1992 3736 per
2015 3672 2151 3720 illam
2170 3672 2406 3721 Accessit
2428 3689 2563 3725 mors

1507 3770 1609 3803 una
1652 3750 1849 3803 ratem?
1914 3752 2053 3801 Hinc
2109 3752 2295 3815 Papin.
2345 3766 2405 3801 ιι.
2457 3753 2565 3818 Syl.

1506 3831 1522 3859 ‘
1562 3844 1787 3893 puppem
1852 3827 2171 3876 temerariam
2238 3826 2525 3885 Minervae:
2549 3829 2563 3851 ⁸

1509 3907 1639 3955 alius
1686 3906 1819 3969 quis,
1854 3906 1869 3932 ‘
1895 3904 2119 3953 Fatalem
2160 3912 2441 3967 properant
2475 3918 2560 3953 ne·

1508 3980 1843 4031 cessitatem!
1897 3981 2013 4029 Val.
2066 3980 2139 4028 ΡΙ.
2184 3994 2221 4029 1.
2260 3980 2405 4035 ‘vias
2449 3995 2564 4030 cer-

1509 4064 1643 4107 nunt
1672 4058 1771 4106 sibi
1808 4071 2043 4106 crescere
2082 4056 2305 4105 Parcael
2354 4056 2565 4106 Horatii

1507 4133 1709 4196 διέξοδος
1748 4133 1835 4184 lib.
1869 4148 1907 4181 ι.
1940 4132 2111 4183 cmu’.
2138 4142 2189 4182 et
2216 4134 2400 4197 Papin.
2422 4134 2565 4197 Sylv.

1508 4224 1593 4261 ιιι.
1617 4211 1669 4259 ἰή
1697 4210 1975 4273 Propemp.
2000 4219 2119 4259 nota
2145 4218 2241 4260 est.
2296 4209 2427 4258 Vide
2450 4210 2566 4258 Sto·

1507 4288 1673 4337 baeum
1693 4286 1757 4335 de
1782 4285 2007 4349 navigat.
