3173 4957
975 405 1073 455 DE
1117 405 1357 454 BRLLO
1404 402 1750 453 ‘rnoJANO
1797 403 1942 454 mn.
1989 404 2057 452 V.

414 546 909 632 Naupliadam:
954 547 1065 612 ille
1094 547 1303 631 queri,
1332 546 1533 611 caecis
1562 544 1744 628 quod
1769 552 1956 611 nutet
1981 544 2256 613 habenis

410 649 803 734 Imperium,
834 650 1012 735 quod
1043 670 1173 718 non
1198 650 1401 714 tantis
1428 647 1702 712 inscitia
1730 649 1910 711 curis

413 751 780 817 Plisthenia
808 751 1108 827 accedat,
1136 749 1319 833 quod
1348 750 1541 815 bellis
1580 749 1846 830 segnior
1874 768 2066 827 usus,

412 851 747 934 Quodque
777 852 913 915 alio
940 851 1129 915 miles
1156 857 1347 933 egeat
1376 850 1591 913 duce:
1637 850 1896 931 singula
1925 856 2162 915 texens

409 952 739 1038 Obliquat
763 953 1112 1037 proprium.
1138 954 1353 1017 meriti
1386 952 1610 1028 decuS,
1641 969 1849 1027 arma,
1871 957 2176 1033 paratus,

409 1053 781 1133 Excubias,
808 1056 1143 1132 consulta,
1174 1054 1403 1117 fidem.
1487 1053 1605 1118 Sic
1635 1052 1881 1117 anxius
1911 1052 2124 1117 ambit

409 1154 798 1237 Imperium,
826 1174 1053 1220 caecus
1084 1156 1377 1233 nimium,
1407 1155 1518 1219 cui
1547 1155 1693 1219 sola
1708 1153 1996 1237 jubendi

408 1252 673 1333 Gloria,
706 1261 772 1321 et
799 1256 1159 1321 innumerae
1190 1255 1455 1320 veniant
1480 1274 1628 1317 cum
1659 1254 1957 1337 principe
1986 1258 2237 1337 pestes.

497 1353 833 1419 Dissensu
863 1356 1047 1419 vario
1074 1360 1283 1421 certat
1308 1355 1539 1420 favor:
1584 1355 1690 1418 his
1718 1373 1897 1419 nova
1926 1373 2187 1438 semper

412 1455 627 1521 Grata
654 1456 892 1537 magis,
923 1456 1299 1539 veterisque
1316 1454 1467 1538 jugi
1494 1454 1768 1537 fastigia
1799 1452 1944 1520 tolli

411 1557 763 1623 Clamant:
805 1561 911 1621 ast
939 1556 1090 1620 aliis
1118 1564 1313 1621 notos
1340 1562 1641 1622 mutasse
1671 1557 2048 1633 molestum,

411 1657 500 1721 Et
532 1657 802 1741 longum
835 1657 1152 1743 didicisse
1180 1677 1435 1724 novos:
1496 1658 1824 1722 sententia
1849 1658 2146 1722 nondum

410 1758 616 1822 Certa
652 1758 923 1836 ducum,
952 1758 1237 1823 redeunt
1266 1778 1486 1835 enses,
1516 1767 1589 1824 et
1616 1777 1787 1841 pace
1817 1760 2086 1841 sepulta

407 1857 620 1922 Arma
638 1859 871 1923 iterum
903 1859 1212 1941 rapiunt:
1260 1857 1590 1939 conjectis
1621 1858 1915 1941 undique
1937 1859 2145 1940 signis
2219 1906 2226 1917 .

410 1956 687 2023 Collidit
712 1958 995 2021 Bellona
1025 1958 1242 2021 viros:
1287 1956 1440 2021 hinc
1468 1958 1742 2021 Troilus
1771 1958 2023 2035 audax,

409 2058 925 2140 Fulmineusqne
953 2058 1237 2135 Hector,
1268 2063 1337 2120 et
1366 2056 1830 2122 formidandus
1861 2060 1929 2123 in
1959 2058 2160 2123 armis

411 2159 710 2222 AEneas:
756 2158 977 2241 proles
1008 2165 1240 2221 contra
1270 2164 1590 2240 suspecta
1613 2158 1909 2223 Tonanti

409 2258 749 2333 AEacides,
778 2258 1016 2339 gemini
1040 2257 1330 2335 Atridae,
1361 2256 1730 2341 Calydonis
1764 2259 2091 2339 alumnus,

411 2358 767 2423 Certantes
794 2365 1047 2421 acuunt
1075 2359 1235 2422 iras.
1314 2356 1431 2421 Sic
1462 2356 1713 2422 Auster
1739 2359 1812 2422 in
1838 2360 2092 2425 Arcton

419 2459 641 2536 Irruit‚
666 2457 735 2523 in
763 2457 1115 2542 Zephyros
1148 2456 1394 2535 EuruS,
1419 2457 1519 2521 sic
1545 2458 1788 2523 AEolus
1817 2464 2028 2524 armat

411 2561 769 2644 Hybernas
798 2560 1001 2636 acies,
1029 2559 1433 2642 AEtnaeaque
1461 2557 1743 2623 fulmina
1771 2558 1999 2624 vincit.

498 2659 761 2725 Hector
791 2658 1109 2722 continuo
1132 2664 1273 2722 tres
1300 2657 1524 2721 fundit
1554 2657 1802 2736 Marte,
1833 2657 2096 2723 Boeten

412 2760 643 2837 Saxis,
673 2759 1144 2824 Archilochum
1176 2757 1424 2840 gladio,
1455 2757 1868 2823 Protheuora
1894 2759 2050 2824 telo.

414 2861 776 2944 Indignata
805 2860 1052 2924 ducum
1079 2861 1293 2925 virtus
1321 2860 1459 2924 coit
1487 2859 1706 2924 omnis
1731 2860 1803 2924 in
1829 2879 2055 2940 unum,

413 2961 637 3027 Unum
667 2981 895 3027 omnes
925 2962 1269 3048 contisque
1290 2968 1626 3046 premunt,
1655 2959 2034 3050 gladiisque
2054 2962 2414 3044 lacessunt,

1394 3141 1612 3194 Nom

2467 390 2594 457 511

2467 546 2602 615 285

2471 2060 2602 2127 300

2469 2562 2607 2628 30⁵

414 3240 587 3299 animi,
618 3244 674 3290 et
709 3238 919 3290 invidia!
953 3239 1181 3302 plenum,
1202 3236 1385 3286 anteiri
1408 3252 1465 3287 se
1544 3237 1686 3288 Vide
1706 3252 1783 3290 vr.
1803 3243 1885 3290 28.
1950 3239 2058 3290 Sed
2078 3240 2180 3291 ista
2200 3238 2382 3290 animis
2401 3243 2600 3293 eventi-

412 3330 443 3364 a
464 3315 675 3364 meliore
696 3313 830 3365 haud
854 3312 1008 3363 facile
1036 3313 1247 3377 patitur.
1300 3311 1463 3360 Arist.
1544 3311 1657 3364 lant
1677 3313 1752 3362 illi
1768 3317 2104 3376 φυτικῶν-τες,
2119 3313 2197 3363 nai
2211 3315 2598 3378 abroxeapovcvn-

410 3403 478 3439 ιι.
500 3391 657 3440 Rhet-
684 3395 763 3440 1⁰.
796 3388 970 3452 φθόνος
1004 3386 1114 3438 ἐστὶ
1143 3386 1273 3446 λύπη
1294 3387 1365 3434 ff
1389 3385 1465 3435 εὖ·
1542 3404 1636 3451 τοι,
1670 3385 1750 3436 καὶ
1786 3387 2141 3452 πουδαρχίᾶιι,
2176 3395 2240 3440 nt
2270 3390 2600 3442 nominantur

407 3463 587 3530 ⁴290qu
629 3463 885 3530 φαινομένῃ
943 3463 1048 3528 περὶ
1102 3461 1213 3512 τοὺς
1262 3462 1464 3523 ὁμοίους.
1544 3462 1611 3512 ab
1635 3462 1836 3512 Isidoro
1859 3462 2142 3514 Pelusiota-

409 3541 543 3590 Vide
568 3541 715 3603 plura
738 3540 883 3590 inibi.
1081 3563 1087 3572 ·
1609 3542 1706 3588 298
1740 3537 1842 3588 His
1875 3553 1998 3588 nova
2023 3551 2204 3602 semper
2226 3539 2387 3590 Grata
2414 3539 2600 3604 πιαςὶε]
2679 3585 2686 3593 .

474 3619 574 3664 280
608 3614 834 3676 Obliquat
870 3614 1033 3664 meriti
1064 3611 1227 3675 decus]
1260 3613 1356 3663 Est
1375 3610 1466 3661 ob·
1541 3613 1805 3677 Graphice
1826 3613 2112 3664 animorum
2128 3611 2242 3664 ilias
2257 3621 2600 3678 tempestate·

406 3691 546 3754 lique
592 3689 802 3751 ingerit.
885 3689 975 3738 Sic
1019 3701 1099 3739 ιν.
1144 3690 1211 3737 de
1256 3689 1463 3750 Ulysse,
1542 3687 1799 3752 depingit,
1811 3693 2018 3738 secutus
2035 3686 2313 3754 Papiniani
2329 3701 2416 3738 ur.
2438 3687 2615 3737 Theb.-

448 3764 635 3813 doctns
656 3760 940 3825 obliquare
960 3761 1141 3812 dolos-⁹
1174 3763 1362 3826 Papia.
1379 3775 1465 3812 m.
1536 3763 1556 3792 ⁸
1580 3765 1652 3815 Et
1683 3763 1773 3828 qui
1803 3777 1922 3813 mox
1955 3762 2163 3828 populis
2193 3769 2440 3814 venturus
2461 3775 2598 3848 ama-

393 3841 570 3894 Theb.
589 3847 605 3870 ‘
625 3831 975 3904 obliquatqu'e
989 3840 1204 3903 preces?
1218 3855 1274 3892 v.
1296 3841 1462 3891 Theb·
1536 3839 1659 3903 tnr,’
1679 3843 1778 3892 &c-

410 3918 829 3982 ‘Obliqnnmqne
846 3928 877 3964 a
899 3921 1047 3979 patre
1070 3916 1278 3981 gemus
1312 3915 1465 3979 νόθον,
1603 3918 1699 3966 801
1754 3914 2167 3979 Ρνοῐω,ιιιφοσια
2225 3913 2431 3964 Tomi
2481 3914 2598 3964 AEc·

413 3994 605 4042 vovetur.
683 3989 820 4040 Vide
864 3989 1013 4054 plura
1056 3991 1193 4053 apud
1238 3991 1465 4054 Gasper.
1544 3989 1695 4055 eides]
1758 3991 1890 4040 Dixi
1911 4005 1950 4042 r.
1973 3993 2307 4042 sadansu.

414 4067 717 4118 Gevartium
738 4065 927 4129 Papin.
946 4066 1099 4115 lectt.
1119 4065 1183 4114 ad
1203 4065 1344 4128 sylv.
1358 4079 1398 4117 1.
1417 4071 1466 4116 2.
1545 4056 1555 4068 “
1613 4069 1710 4116 808
1745 4066 1860 4116 coit
1881 4066 2032 4116 omis
2050 4066 2102 4115 in
2119 4079 2279 4124 mum,
2315 4063 2473 4115 Unum
2499 4079 2598 4120 m·

478 4144 570 4190 291
613 4141 707 4190 Coi
734 4143 833 4190 nola
851 4140 1053 4201 jubendi
1085 4139 1271 4204 Gloria,
1306 4145 1356 4190 et
1388 4141 1465 4190 in·
1543 4155 1646 4201 m,
1675 4141 1783 4205 ξω]
1828 4141 1916 4192 Ita
1952 4140 2141 4205 Papia.
2177 4139 2245 4190 de
2279 4139 2478 4204 Tydeo,
2513 4151 2596 4190 rx.

415 4229 621 4266 numera
660 4217 850 4276 mant
890 4231 997 4268 ean
1044 4216 1256 4280 principe
1294 4215 1471 4280 puteo]
1545 4217 1563 4248 ⁸
1597 4218 1769 4269 Unum
1823 4218 1962 4270 acies
2016 4216 2212 4270 circum
2259 4216 2597 4280 eonsumitur,
