3173 4957
650 368 782 432 496

1446 381 1753 432 JoSEPffl
1803 383 2057 432 IscAm

649 524 944 590 Ultimus
972 524 1080 588 hic
1115 518 1423 588 Danaum
1457 530 1556 593 ter
1577 524 1752 588 dena
1774 525 1997 590 classe
2027 489 2303 606 secutus

651 627 858 709 Signa
876 625 1144 704 ducum,
1176 627 1504 708 longaque
1534 632 1819 690 exustus
1849 626 2057 701 febre,
2088 632 2381 690 moratas

653 727 996 804 Inachidis
1025 733 1306 790 excusat
1335 746 1528 809 opeS‚
1559 747 1773 810 seque
1808 725 2023 810 objice
2052 727 2269 808 morbi

648 829 959 904 Tentum,
989 849 1189 912 quam
1219 831 1505 910 primum
1534 830 1753 906 licuit,
1787 831 2053 894 venisse
2084 830 2348 892 fatetur.

2768 830 2851 893 15

653 928 854 993 Hanc
884 927 1040 1010 ipsa
1071 929 1156 992 ad
1185 949 1419 992 vocem
1451 930 1669 994 facies
1694 930 1883 1006 facit,
1914 949 2153 1012 aspera
2182 947 2391 1012 passo

650 1031 970 1114 Conjurat
999 1032 1229 1114 pallor,
1261 1039 1330 1094 et
1359 1032 1551 1096 vultu
1581 1037 1747 1094 teste
1776 1038 2101 1095 merentur

650 1131 878 1196 Verba
904 1132 1140 1196 fidem:
1187 1140 1258 1197 at
1283 1152 1521 1215 sospes
1553 1133 1836 1207 animus,
1867 1132 2193 1220 nulloque
2214 1130 2451 1200 ‚dolore

655 1233 984 1308 Fraetior,
1020 1233 1322 1296 imbelles
1347 1221 1553 1308 artus,
1581 1251 1958 1314 nervosque
1985 1237 2303 1313 negantes
2330 1259 2343 1264 ·

651 1334 902 1415 Exigit,
931 1340 1002 1397 et
1033 1334 1323 1398 Martem
1353 1333 1784 1397 manifestum
1814 1333 2055 1396 suadet
2086 1331 2394 1395 Achivis,

747 1432 980 1516 Ooyus
1009 1434 1360 1496 audentem
1385 1434 1601 1496 virtus
1632 1433 1959 1497 animatur
1986 1433 2053 1496 in
2080 1433 2267 1507 iram,

653 1535 947 1616 Jamque
979 1533 1156 1598 dolis
1181 1534 1432 1598 vicisse
1462 1538 1747 1626 negant:

1792 1551 1914 1596 sua
1944 1533 2258 1616 quaelibet
2288 1535 2477 1616 angit

651 1636 913 1710 Gloria,
944 1638 1059 1718 qui
1077 1636 1332 1719 jaculis
1361 1637 1583 1717 longe,
1619 1637 1737 1717 qui
1767 1635 2075 1698 eominus
2106 1654 2294 1712 ense,

656 1737 794 1814 Qui
823 1735 1013 1819 pede,
1044 1737 1158 1818 qui
1191 1755 1384 1800 curru
1417 1735 1582 1812 fidit,
1613 1736 1722 1800 vel
1758 1736 1979 1799 classe
2012 1737 2243 1798 mereri

1565 1913 1931 1944 OOOOOOOO‘OOO

717 2029 781 2074 22
819 2026 1084 2082 Quemlibet
1107 2027 1343 2076 Dresemss·
1381 2028 1517 2078 Vide
1539 2033 1783 2080 note—24
1825 2029 1895 2078 Ut
1917 2028 2045 2078 Mss.
2072 2043 2175 2092 pro
2189 2031 2279 2080 vel.

1636 2189 1858 2238 NOTAE

651 2299 668 2327 4
685 2295 827 2346 furta
843 2297 858 2320 ⁹
879 2299 1140 2348 nominant
1164 2301 1352 2350 Latini.
1409 2302 1552 2364 Virg.
1578 2308 1594 2330 ‘
1613 2317 1711 2351 nee

647 2387 748 2436 ego
781 2373 910 2422 hane
943 2374 1260 2423 abscondere
1295 2373 1439 2425 furto
1469 2377 1710 2440 Speravi,

651 2463 718 2497 ne
761 2447 918 2511 finge,
966 2447 1178 2513 fugam?
1235 2451 1422 2514 Papia.
1491 2453 1507 2481 4
1535 2452 1707 2501 Ausus

649 2533 765 2574 erat
796 2523 940 2575 furto
975 2526 1210 2576 dextram
1245 2528 1500 2577 insertare
1540 2530 1709 2577 Leon-

648 2598 797 2660 teus,'
821 2614 898 2649 ix.
925 2600 1089 2650 Theb.
1134 2604 1222 2652 Sic
1253 2604 1444 2652 Noster
1479 2618 1560 2652 vi.
1594 2608 1707 2653 750.

533 2686 554 2691 “
647 2676 664 2703 4
691 2676 898 2725 vincere
935 2676 1112 2728 furto.’
1162 2684 1276 2729 714.
1311 2686 1324 2709 ⁸
1352 2681 1514 2730 Furta
1547 2687 1706 2742 negat

647 2751 910 2815 Pyrrhus-⁸
943 2768 998 2803 v.
1021 2760 1070 2805 8.
1096 2755 1118 2800 ,4
1141 2756 1408 2808 Incessum
1430 2754 1604 2805 furata
1626 2771 1705 2805 ra-

648 2829 752 2878 tis?

715 2910 776 2954 13
811 2906 1066 2969 Longaque
1083 2914 1278 2957 θωπείας
1285 2908 1451 2971 febre]
1488 2909 1702 2971 Πυρετιίῑ,

646 2983 916 3044 emmena
937 2982 969 3039 ἣ
992 2986 1209 3042 καύματι.
1238 2984 1376 3032 Hinc
1400 2983 1703 3047 febrientes,

645 3056 1048 3118 καυματιζόμενοι,
1089 3060 1401 3109 Plutarchus
1461 3059 1528 3108 de
1572 3060 1704 3107 sani-

651 3138 799 3181 tate:
840 3131 982 3183 dicta
1014 3134 1170 3184 etiem
1202 3133 1362 3183 febris
1399 3149 1430 3182 a
1468 3133 1701 3195 fervore3

595 3261 601 3271 x
646 3215 706 3256 ut
728 3208 961 3271 Scaliger
983 3209 1034 3258 in
1058 3210 1348 3273 conjectari.
1588 3208 1591 3211 ’

712 3288 773 3332 14
810 3283 964 3347 Seque
995 3285 1138 3345 amice
1171 3286 1320 3334 morbi
1348 3286 1571 3349 Tenlum]
1609 3285 1703 3343 Τῆς

643 3356 784 3408 νόσου
809 3359 1036 3419 ἐμποδών.
1071 3360 1226 3410 Obex
1259 3362 1324 3410 ab
1342 3363 1408 3411 ob
1443 3369 1498 3410 et
1522 3360 1697 3424 jacio:

643 3435 944 3496 producturi
977 3450 1100 3498 ergo
1137 3443 1340 3499 tempus
1376 3435 1591 3499 syllabae
1614 3448 1702 3496 ge-

642 3511 870 3560 minant:
912 3510 1198 3562 breviaturi
1243 3512 1484 3571 alterum,
1523 3509 1701 3573 abjici-

645 3593 756 3635 unt.
780 3586 913 3634 Vide
927 3586 1176 3650 Scaliger.
1193 3585 1255 3635 ad
1275 3587 1446 3635 Tibul.
1463 3600 1504 3635 r.
1535 3588 1550 3611 ‘
1566 3586 1702 3635 Ten·

645 3660 791 3722 tum,’
829 3668 1000 3711 antem
1041 3676 1137 3726 pro
1169 3662 1457 3723 detentum,
1493 3661 1560 3709 de
1599 3675 1700 3725 quo

642 3750 732 3785 ιιι.
753 3740 833 3787 ³8.

709 3816 771 3861 18
791 3812 1027 3875 Nullaque
1043 3814 1198 3861 dolore
1221 3811 1415 3873 Factor]
1441 3810 1697 3871 Fraetior,

640 3900 737 3949 pro
760 3886 1049 3942 infractior,
1083 3886 1420 3947 κεκλασμένας·
1461 3884 1571 3951 ,οὐδὲ
1604 3884 1697 3947 γὰρ

641 3963 776 4011 νοσεῖ
809 3961 842 4021 ἦ
885 3962 1043 4026 ἀρετὴ,
1079 3963 1242 4011 clem.
1283 3960 1695 4010 Alexandrinus:

642 4044 658 4065 ‘
683 4038 952 4102 Ingenium
975 4038 1182 4101 fregere
1207 4051 1377 4086 meum
1413 4036 1581 4092 male?
1620 4036 1696 4085 0-

644 4111 748 4159 vid.
769 4126 846 4161 iv.
868 4112 1023 4161 Trist.

709 4188 772 4232 19
796 4186 1064 4249 Nereusque
1079 4192 1306 4249 negantes
1334 4184 1536 4248 Exigit]
1553 4188 1699 4236 Male

644 4257 961 4309 substituere
977 4252 1164 4321 conati,
1187 4264 1352 4325 erigit.
1384 4264 1534 4327 virg.
1565 4265 1699 4313 ‘Ex-

1792 2302 1900 2364 egit
1934 2315 2101 2351 caecos
2131 2301 2334 2350 rabies?
2387 2303 2581 2350 Lucan,
2618 2303 2633 2330 4
2652 2303 2844 2363 clades·

1792 2392 1889 2441 que
1913 2391 2089 2427 omnes
2130 2376 2306 2440 exegit
2338 2377 2391 2424 in
2415 2389 2515 2425 uno
2535 2379 2686 2426 Saevn
2724 2377 2845 2439 dit-‚⁹

1792 2455 1882 2503 lib.
1915 2467 2039 2503 vui.
2080 2460 2135 2503 et
2168 2466 2289 2501 xrv.
2342 2457 2357 2481 4
2386 2453 2623 2516 Exegere
2657 2453 2843 2517 enses,'

1790 2531 1881 2579 lib.
1906 2545 2010 2579 vn.
2030 2531 2046 2557 4
2066 2544 2253 2593 paucas
2275 2528 2489 2576 victoria
2506 2531 2717 2577 dextras
2742 2531 2843 2578 Ex-

1788 2606 1930 2668 egit,’
1966 2606 2051 2653 lib.
2082 2618 2136 2653 x.
2164 2608 2179 2633 ‘
2204 2612 2260 2653 et
2282 2606 2494 2667 pingues
2532 2606 2679 2665 exige
2712 2620 2841 2655 som-

1786 2681 1915 2731 nos)
1950 2681 2105 2731 ovid.
2136 2682 2153 2709 4
2172 2681 2396 2743 Jamque
2430 2694 2557 2743 opus
2582 2680 2769 2743 exegi,'
2789 2688 2855 2729 et.
2928 2742 2937 2749 .

1785 2770 1823 2805 1.
1864 2757 2081 2805 Metam.
2122 2756 2138 2782 4
2164 2756 2345 2817 spatiis
2396 2756 2575 2817 exegit
2619 2764 2840 2819 quatuor

1784 2832 2006 2881 annum!
2067 2833 2249 2882 Manil.
2285 2834 2301 2859 ‘
2328 2832 2403 2879 Ut
2422 2832 2583 2879 socias
2620 2833 2753 2879 vires
2788 2840 2841 2881 et

1783 2910 1972 2957 amicos
1996 2918 2185 2972 exegat
2202 2908 2385 2957 ortus!
2442 2908 2609 2957 Item:
2646 2911 2664 2936 4
2685 2910 2841 2957 vires-

1783 2997 1882 3047 que
1923 2983 2187 3045 exegimus
2220 2981 2447 3031 omnes:'
2480 2981 2566 3031 ubi
2608 2982 2755 3032 vides
2780 2984 2841 3031 si·
2926 3035 2933 3043 ,

1782 3058 1902 3106 mile
1940 3072 2101 3121 genus
2136 3057 2399 3121 loquendi.
2452 3058 2657 3106 Seneca
2694 3058 2839 3106 initio
2926 3111 2939 3119 „

1784 3134 1849 3182 de
1864 3132 2127 3182 brevitate
2146 3134 2268 3181 vitae
2292 3133 2446 3195 paulo
2465 3134 2647 3182 aliter:
2673 3135 2688 3160 4
2710 3133 2838 3183 Inde

1782 3207 2055 3256 Aristoteli
2078 3222 2194 3256 cum
2220 3220 2387 3256 rerum
2408 3213 2595 3257 nature
2629 3209 2837 3271 exigen-

1782 3286 1845 3345 ti,
1880 3285 2091 3333 minime
2124 3285 2437 3333 conveniens
2474 3285 2696 3347 sapienti
2732 3286 2839 3334 viro

1778 3361 1841 3408 lis
1866 3360 1984 3421 est,’
2016 3362 2116 3427 &a
2156 3360 2360 3418 Cicero,
2390 3360 2407 3387 4
2428 3360 2635 3423 exigere
2670 3360 2842 3421 viem,'

1782 3437 1906 3485 Ver.
1962 3449 2047 3485 ιιι.
2101 3430 2237 3499 quod
2293 3433 2551 3483 Pedianus
2606 3435 2840 3497 explicat

1784 3526 1835 3575 p.
1855 3515 1968 3561 113.

1846 3591 1911 3636 22
1945 3586 2045 3635 Sua
2074 3586 2297 3647 quaelibet
2328 3584 2467 3648 angit
2494 3584 2688 3647 Gloria]
2722 3585 2835 3633 Ma-

1782 3662 1889 3718 lim,
1936 3662 2200 3724 quemlibet.
2264 3662 2399 3709 Vide
2456 3674 2542 3709 111.
2599 3664 2716 3708 342.
2781 3662 2835 3709 si

1782 3742 1797 3765 4
1818 3736 2098 3801 quaelibet’
2121 3738 2396 3796 retinetur,
2424 3750 2603 3783 seusus
2625 3744 2736 3785 est:
2771 3736 2835 3782 de

1780 3826 1873 3860 sua
1899 3810 2051 3860 laude
2085 3812 2310 3875 cujusvis
2332 3812 2555 3859 animum
2579 3811 2833 3859 solicitum

1779 3884 1956 3935 fuisse.
2000 3886 2137 3935 Vide
2172 3887 2360 3949 Papio.
2400 3898 2504 3934 vn.
2530 3884 2619 3933 ubi
2658 3884 2832 3933 similis

1779 3968 2079 4025 apparatus.

1844 4044 1907 4087 2³
1944 4037 2227 4099 Quijozculis
2242 4036 2407 4100 longe]
2439 4036 2699 4102 Πόῤῥωθεν,
2717 4036 2836 4085 emi-

1780 4129 1895 4163 nus.

1842 4195 1907 4239 24
1936 4189 2021 4238 Vel
2046 4190 2207 4237 Classe
2225 4189 2393 4237 mereri
2410 4188 2683 4252 Promtior]
2706 4188 2836 4238 Erat⁴

1778 4264 1831 4313 in
1854 4264 2017 4329 libris,
2036 4268 2093 4313 ut
2115 4264 2277 4313 clam.
