3173 4957
1217 437 1322 486 An
1370 437 1795 490 nne‘ronnn.
2464 425 2595 490 357

415 584 686 650 inventa
715 603 842 650 sua
867 583 1158 648 efflictim
1187 585 1398 648 amet:
1441 583 1681 648 Poetae
1726 581 2054 666 inprimis,
2084 590 2161 646 ut
2190 583 2260 644 et
2290 580 2593 646 Philoso-

414 686 590 770 phus
619 692 919 765 testatur,
964 685 1163 758 πάντες
1206 687 1477 766 ἀγαπῶσι
1525 688 1755 766 μᾶλλον
1800 683 1878 746 τὰ
1918 686 2095 747 αὐτῶν
2136 681 2303 767 ἔργα,
2332 677 2517 765 ὥσπερ
2547 686 2597 746 ei

411 789 592 872 γονεῖς
637 787 736 850 καὶ
785 791 837 850 οἱ
879 784 1120 862 ποιηταί.
1211 784 1571 852 Fortunam
1621 785 1789 850 hanc
1844 783 2067 850 Poeta
2102 790 2353 860 noster,
2398 801 2597 866 quern

413 907 596 952 nune
626 888 754 953 tibi
783 888 1042 965 damus,
1070 888 1394 952 benevole
1426 889 1687 965 Lector,
1723 887 2061 952 hominum
2091 885 2335 970 injuria
2362 884 2597 950 nescio

414 1009 500 1054 an
531 990 785 1054 incuria
812 1009 1062 1073 passus
1085 991 1206 1054 sit:
1253 989 1609 1053 nominalia
1654 989 1839 1054 illins
1885 993 2159 1064 mutata,
2192 987 2417 1052 debita
2444 986 2597 1050 laus

415 1091 754 1156 oblivione
783 1097 1082 1168 tenuata,
1111 1097 1176 1155 et
1206 1096 1282 1155 ut
1310 1089 1667 1155 earundem
1702 1089 2055 1156 Musarum
2074 1089 2445 1174 symmista,
2470 1087 2598 1152 for·

413 1195 594 1254 tasse
621 1191 816 1256 etiam
843 1189 1156 1276 σῦγχρονος
1173 1191 1580 1268 Guntherus,
1612 1189 1777 1274 quia
1795 1192 2185 1274 Ligurinum
2208 1190 2592 1271 scripserat,
2650 1261 2655 1265 .

414 1291 634 1357 factus
675 1298 784 1356 est
816 1293 1212 1375 Ligurinus:
1263 1295 1363 1359 sie
1403 1293 1685 1369 Noster,
1712 1295 1829 1377 qui
1856 1301 1999 1359 erat
2026 1293 2073 1358 J
2076 1291 2375 1375 osephus
2406 1288 2599 1353 Isca·

415 1411 567 1470 nne,
585 1392 930 1459 Cornelius
957 1395 1192 1478 Nepos
1218 1395 1441 1461 factu-s
1465 1401 1596 1473 est,
1616 1395 1777 1477 quia
1799 1395 2160 1478 Nepotem,
2185 1393 2327 1476 qui,
2347 1397 2427 1455 ut
2448 1389 2596 1472 opi-

413 1495 526 1559 nio
555 1497 994 1577 quorumdam
1011 1505 1138 1577 est,
1159 1499 1472 1568 Daretem
1497 1496 1747 1562 Latina
1766 1505 1949 1563 veste
1974 1495 2305 1570 induerat,
2334 1493 2401 1556 in
2417 1488 2597 1556 Poe-

413 1596 476 1660 si
505 1617 632 1688 sua
661 1607 940 1664 secutus
981 1606 1140 1666 erat.
1229 1601 1538 1665 Suboluit
1576 1600 1983 1683 quibusdam
2014 1601 2074 1661 οὐ
2106 1597 2246 1682 χθὶς
2288 1593 2387 1658 καὶ
2415 1590 2595 1678 πρώην

411 1715 546 1763 non
570 1717 720 1766 esse
748 1702 917 1767 hune
947 1700 1286 1786 Nepotem
1313 1703 1522 1781 illum,
1549 1701 1667 1785 qui
1698 1719 1905 1768 ausus
1938 1710 2085 1768 erat

1015 1803 1212 1869 Unus
1239 1804 1568 1870 Italorum

759 1905 975 1968 Omne
1008 1923 1229 1970 sevum
1255 1907 1468 1970 tribus
1497 1904 1843 1987 explicare
1880 1906 2145 1970 chartis.

497 2003 693 2070 Alios
724 2012 938 2070 tamen
965 2007 1150 2084 novi,
1181 2006 1300 2090 qui
1337 2005 1508 2070 illud
1553 2011 1879 2072 assertum
1926 2007 2152 2071 ibant:
2198 2007 2447 2092 quippe
2476 2009 2543 2073 ni
2564 2012 2595 2074 ‘l

409 2125 568 2172 cum
599 2128 728 2172 sua
768 2106 848 2172 C.
881 2107 1207 2172 Sallustio
1251 2108 1586 2184 inscribat,
1630 2125 1779 2173 eum
1810 2106 2097 2172 Athenis
2142 2110 2371 2173 Daren
2405 2129 2599 2193 repe-

409 2209 597 2285 risse,
629 2209 938 2288 vertisse,
967 2229 1090 2274 sua
1115 2217 1376 2274 asserat
1417 2209 1727 2294 epistola.
1766 2204 1811 2271 ὦ
1841 2209 2087 2290 βοιωτοὶ,
2116 2211 2189 2284 ὥς
2224 2209 2437 2296 σφόδρα
2466 2207 2595 2275 ier?

409 2308 637 2386 βοιωτοὶ
653 2313 668 2376 !
721 2311 996 2376 credant
1041 2311 1142 2376 illi
1182 2316 1251 2376 et
1275 2311 1572 2377 fruantur
1602 2331 1729 2377 suo
1758 2330 1995 2391 errore,
2039 2313 2198 2378 mihi
2229 2314 2391 2378 talia
2416 2331 2597 2378 cam·

409 2431 519 2495 pae
549 2413 730 2477 Solis
757 2418 822 2477 et
850 2413 1083 2476 Naevii
1113 2413 1528 2478 Buttubatta.
1617 2413 2089 2481 Contradicunt
2115 2416 2354 2499 stylus,
2376 2413 2597 2480 imita·

408 2516 529 2591 tio,
551 2520 619 2579 et
643 2513 1115 2599 αὐτεπάγγελτος
1145 2515 1316 2597 ipse,
1350 2516 1580 2597 quide
1610 2515 1899 2593 Nerone,
1918 2516 2003 2581 de
2031 2505 2409 2582 Christiana
2436 2516 2592 2594 fide,

409 2615 496 2681 de
523 2614 942 2699 ματαιοτεχνίᾳ
990 2616 1432 2693 oraculorum,
1477 2616 1562 2678 de
1603 2616 1889 2680 Arthuro
1916 2618 2259 2700 inspergit.
2345 2618 2427 2681 In
2453 2637 2593 2682 rem

407 2717 688 2799 quidem
735 2718 872 2781 ista
915 2718 1104 2793 satiS,
1147 2734 1387 2779 nomen
1437 2720 1661 2779 tamen
1704 2718 1774 2780 in
1818 2718 2191 2800 quaestione
2220 2722 2384 2794 erat,
2414 2719 2595 2800 quod

404 2837 530 2885 nee
561 2818 703 2884 Soli
722 2816 1150 2901 quaerendum
1177 2817 1362 2895 dare,
1379 2836 1504 2881 nee
1535 2836 1784 2896 maneS,
1812 2825 1892 2883 ιιι
1920 2818 2033 2883 ille
2062 2818 2371 2895 Homeri,
2400 2820 2595 2883 inter-

371 3002 376 3007 ·
408 2936 663 3002 rogare,
691 2939 816 2985 nee
848 2940 892 2985 a
930 2920 1136 2985 nostri
1177 2920 1416 2985 saeculi
1447 2916 1798 3002 πολυμαθία-ι
1829 2921 2082 2985 discere
2126 2922 2337 3005 potui.
2421 2922 2497 2983 ὀ
2540 2922 2593 2985 ἓν

405 3018 593 3106 ἁγίοις
622 3020 950 3099 CaseliuS,
975 3042 1116 3086 rem
1149 3022 1310 3087 mihi
1351 3022 1745 3106 expeditam
1791 3023 2262 3105 promittebat:
2318 3023 2439 3088 sed
2470 3024 2594 3089 im·-

407 3124 700 3206 peditam
727 3124 1014 3206 reliquit.
1104 3124 1500 3188 Decurrenti
1530 3123 1693 3187 mihi
1722 3124 2005 3206 paginas
2050 3125 2331 3208 aliquot,
2370 3120 2591 3205 οἴκοθεν,

410 3224 594 3306 quod
625 3226 830 3302 aiunt,
875 3228 902 3287 ὁ
947 3224 1190 3309 μάρτυς,
1219 3225 1343 3288 sub
1362 3225 1602 3291 umbra
1629 3244 1703 3289 se
1733 3226 1925 3290 visus
1950 3234 2059 3291 est
2078 3227 2459 3292 ostendere:
2494 3226 2595 3291 ait

410 3342 584 3389 emm
614 3342 693 3390 ιι.

838 3427 908 3491 N
911 3446 1000 3497 on
1027 3434 1256 3493 nostra
1286 3428 1633 3494 Britannia
1658 3426 1989 3493 Rhenum.

495 3527 701 3606 Quod
735 3546 894 3610 ergo
928 3531 1206 3612 pensius
1238 3531 1601 3594 aestimanti
1628 3530 1901 3593 unicum
1933 3536 2299 3610 supererat,
2330 3528 2591 3595 Britan·

407 3648 647 3694 norum
664 3630 930 3706 rudera,
959 3636 1207 3708 scruta,
1219 3636 1284 3695 et
1313 3632 1633 3715 quioquid
1664 3632 1924 3696 illorum
1949 3635 2189 3695 nactus
2206 3650 2407 3708 eram,
2434 3650 2593 3696 oeu-

406 3730 496 3807 lis
546 3729 996 3807 decurrebam,
1041 3732 1328 3816 aliquem
1381 3752 1663 3816 sperans
1710 3734 1889 3798 illius
1944 3732 2175 3797 honori
2220 3738 2291 3797 et
2345 3734 2593 3799 nomini

407 3837 958 3908 assur-recturum,
1009 3852 1166 3899 nam
1215 3844 1291 3897 nt
1331 3833 1781 3899 Philostratus
1826 3836 1913 3901 ad
1966 3834 2243 3899 Areum:
2293 3833 2461 3911 σοφοὶ
2492 3860 2591 3899 σο-

403 3934 544 4009 φοὺς
566 3932 856 4011 σώζουσιν,
885 3929 958 3995 ἂν
981 3928 1112 3997 ὦσιν
1137 3934 1330 4011 σοφοί.
1419 3936 1558 4001 Sed
1578 3935 1711 3999 nisi
1738 3936 1940 4019 plane
1961 3936 2331 4003 luscitiosis
2348 3944 2419 4002 et
2440 3936 2594 4003 Ho-
2658 3932 2665 3939 ’

406 4038 676 4103 merieis
703 4036 924 4103 oculis
952 4054 1116 4101 usus
1159 4057 1332 4116 sum,
1377 4036 1625 4104 frustra
1667 4038 1764 4102 ibi
1790 4038 1913 4103 fui.
2000 4038 2067 4103 A
2096 4041 2431 4105 veteranis
2461 4040 2589 4104 ita·

407 4156 540 4221 que
584 4138 672 4205 ad
717 4138 1126 4205 luculentam
1180 4140 1365 4205 illam
1417 4137 1781 4213 cambdeni
1830 4140 2243 4206 Britanniam
2304 4142 2543 4209 diverti
2571 4155 2586 4195 τ

407 4240 649 4304 exinde
677 4242 920 4305 mentis
941 4260 1111 4309 meae
1143 4240 1462 4323 habitum,
1491 4250 1567 4306 ut
1594 4241 1705 4307 ille
1736 4240 1857 4320 ait,
1890 4242 2130 4325 gaudio
2160 4243 2588 4327 splenduisse
