3173 4957
594 396 725 461 490
1388 407 1696 457 rossem
1746 406 1996 455 ιεοΑΝι

596 554 684 617 Et
714 552 1073 618 Diomedei
1099 552 1313 615 furias
1342 552 1555 633 gregis
1572 572 1594 613 a
1638 558 1790 615 atra
1809 550 2080 615 nefandi

598 657 814 738 Septa
842 655 1055 731 duciS,
1084 653 1301 734 longis
1326 653 1676 717 homiuum·
1697 653 1948 717 satiata
1973 650 2207 726 rui-nis,

599 756 941 821 Herculea
964 753 1257 819 cecidere
1288 773 1527 819 manu:
1574 760 1915 837 stratoque
1945 759 2228 834 tyranno

592 857 837 921 Tutior
865 858 937 919 iu
962 857 1257 937 patriam
1282 856 1594 921 reducem
1623 855 2044 919 Teuthranta
2071 874 2406 935 regressus
2653 859 2784 923 410

596 957 769 1021 Post
798 960 1068 1022 crebras
1097 959 1279 1023 acies
1309 961 1380 1021 et
1404 976 1718 1039 equorum
1747 956 1926 1019 bella
1953 957 2226 1037 recepit.

594 1058 757 1141 Ipse
783 1059 1217 1141 triumphanti
1248 1064 1435 1123 satus
1461 1057 1789 1135 Hercule,
1820 1056 2052 1121 Moesa
2077 1058 2354 1121 subisse

594 1160 858 1241 Regna,
884 1159 1215 1243 ducisque
1242 1160 1493 1241 hospes
1523 1159 1810 1222 blandos
1839 1158 2132 1222 coluisse
2159 1158 2454 1223 Penates

593 1259 928 1337 Gratulor,
962 1280 1042 1324 ac
1072 1262 1340 1324 memini
1370 1264 1640 1341 gratus:
1685 1259 1801 1323 sed
1829 1259 2051 1324 dicere
2077 1259 2366 1340 longum,

592 1359 771 1439 Quae
802 1382 1055 1427 mecum
1086 1362 1319 1443 gessit,
1347 1362 1565 1444 patris
1595 1380 1890 1425 memor:
1921 1361 2076 1424 hinc
2105 1359 2270 1424 mihi
2298 1361 2568 1443 lapsum
2651 1362 2781 1427 415

592 1463 881 1543 Erigere,
908 1471 978 1527 et
1008 1463 1268 1545 gladios
1299 1464 1493 1527 tutari
1515 1482 1678 1526 cura
1703 1463 2069 1538 timentem,

592 1564 683 1628 Et
709 1563 969 1629 tardum
999 1565 1262 1627 venisse
1292 1563 1535 1646 pudet.
1580 1564 1742 1648 quin
1776 1562 2025 1627 Martia
2053 1582 2360 1645 magnum

591 1664 667 1728 Si
690 1684 927 1728 manus
959 1665 1317 1742 AEaciden,
1340 1671 1573 1729 utnon
1605 1684 1880 1730 sensura
1907 1664 2144 1745 fatiget

494 1816 503 1825 ,
591 1765 921 1841 Membra,
956 1764 2245 1883 trahit,faciliqug}9,1mn.nn!gsuadet
2273 1767 2583 1851 Erinngs,

589 1865 792 1929 Ultra
817 1866 989 1930 velle
1020 1866 1211 1942 nihil,
1238 1867 1336 1930 nil
1360 1869 1533 1931 citra
1560 1887 1798 1950 posse,
1827 1867 2168 1931 serendum
2199 1876 2340 1933 est·
2651 1868 2780 1933 420

588 1966 927 2043 CedirnuS,
958 1967 1213 2050 hosque
1242 1973 1427 2032 artus
1454 1969 1737 2051 gelidoS,
1779 1970 1928 2032 haec
1955 1968 2292 2033 reddimus
2318 1974 2478 2033 exta

586 2066 834 2130 Ultrici
864 2068 1191 2132 calcanda
1216 2075 1403 2133 rotae.
1482 2070 1600 2133 Sic
1629 2071 1839 2147 fatus„
1870 2069 1940 2133 in
1968 2070 2178 2133 altum

589 2166 871 2231 Sublato
896 2168 1153 2251 clypeo,
1181 2169 1433 2251 pavide
1462 2174 1713 2251 tamen,
1739 2172 1972 2235 ultima
1999 2176 2309 2254 questum

589 2267 761 2331 Fata
789 2268 1027 2331 ducem
1058 2275 1406 2346 monstrat,
1436 2270 1635 2352 friget
1663 2290 1878 2347 cruor,
1907 2290 2159 2354 oraque
2177 2272 2438 2355 pallent

588 2367 949 2432 Eluctante
974 2368 1237 2433 anima:
1293 2370 1565 2434 tandem
1594 2371 1953 2435 miseratur
1981 2369 2312 2448 Achilles,
2651 2372 2784 2436 425

593 2469 651 2532 A
661 2470 1052 2554 gnoscitque
1079 2489 1367 2536 manum.
1454 2472 1571 2536 Sic
1600 2474 1852 2538 mulcta
1883 2493 2036 2537 sero
2063 2472 2350 2537 furorem

582 2571 959 2653 Temperat,
982 2578 1050 2635 et
1082 2573 1309 2654 poenis
1339 2574 1616 2638 tandem
1649 2575 1900 2639 satiata
1931 2575 2262 2657 supremis

583 2671 922 2738 Illandata
946 2674 1127 2737 feros
1150 2674 1373 2740 differt
1398 2676 1758 2740 clementia
1784 2682 2028 2740 motus.

1478 2855 1843 2876 ‘mun‘

644 2954 737 2998 421
779 2949 1032 2998 Credimus
1057 2949 1160 3000 Ms.
1182 2965 1346 3014 marg.

1568 3084 1621 3134 N
1627 3083 1784 3134 0¹1·AE

644 3178 741 3224 407
810 3170 883 3224 Et
938 3174 1187 3226 Diomedei
1226 3177 1393 3236 sarim
1442 3179 1636 3242 gregis]
1782 3184 1880 3232 426
1911 3183 2236 3246 Agnou-itque
2274 3183 2486 3247 mum]
2538 3184 2658 3235 Vim
2698 3199 2778 3234 ro-

578 3250 748 3298 Thrax
784 3249 875 3299 ille
912 3251 1191 3302 Diomedes
1215 3269 1230 3313 ς
1286 3254 1373 3317 qui
1410 3255 1636 3318 hospites
1718 3255 1918 3320 burque
1943 3271 2108 3305 suum.
2174 3259 2260 3307 Sic
2275 3258 2506 3320 Tydeus,
2522 3261 2777 3323 Melanip-

578 3326 813 3388 eqnnbus
825 3325 1095 3374 laniandos
1108 3327 1411 3389 objiciebat.
1440 3329 1638 3392 Hygin.
1717 3344 1785 3392 po
1809 3330 2002 3392 occiso,
2019 3331 2158 3394 apud
2175 3333 2361 3394 Papio.
2382 3332 2477 3383 lib.
2495 3347 2626 3384 vm.
2661 3339 2676 3364 ‘
2696 3350 2777 3384 se-

576 3397 686 3448 fab.
710 3403 791 3449 30.
812 3401 1019 3449 nomina
1038 3402 1243 3450 illarum
1263 3412 1520 3454 recenset.
1547 3406 1634 3453 Vi·
1713 3419 1874 3467 seque
1897 3407 2112 3465 agnovit
2135 3408 2188 3454 in
2211 3406 2336 3456 illo.’

577 3475 763 3524 deatur
784 3476 1129 3524 Philostratus
1147 3477 1199 3525 in
1218 3478 1421 3528 Achille
1440 3493 1491 3541 p.
1515 3483 1632 3531 705.
1777 3486 1876 3530 428
1911 3483 2154 3532 Illuudata
2174 3484 2312 3543 seros
2339 3483 2508 3548 (ὑγιῆ
2526 3485 2777 3534 clementia

573 3549 925 3613 Apollodorus
941 3564 1065 3614 114³.
1082 3556 1164 3601 96.
1185 3553 1409 3602 Ovidius
1426 3555 1481 3602 in
1494 3554 1632 3606 Ibin.
1712 3557 1888 3619 motus]
1921 3556 2196 3606 Crudelem
2233 3559 2490 3608 Homerus
2511 3567 2570 3608 et
2591 3561 2775 3622 impla-

572 3626 816 3674 Parrhas.
839 3627 981 3688 Sylv.
1007 3640 1084 3677 iv,
1107 3643 1159 3690 p.
1182 3632 1297 3676 846.
1337 3627 1527 3690 Papia.
1548 3643 1627 3681 v1.
1711 3632 1934 3681 cubilem
1971 3633 2125 3696 fingit
2162 3633 2438 3694 Achillem,
2475 3649 2642 3698 eoque
2684 3650 2774 3686 no-

576 3699 915 3763 Palaephatus
938 3699 1005 3747 de
1024 3699 1270 3749 fabulosis
1294 3707 1489 3751 narrat.
1511 3716 1553 3750 ι.
1574 3717 1626 3766 p.
1707 3710 1844 3759 mine
1885 3710 1949 3758 ab
1992 3711 2234 3773 Apolline
2270 3712 2336 3761 ΙΙ.
2373 3719 2434 3761 n..
2482 3721 2774 3771 accusatur,

572 3780 687 3824 112.
713 3776 802 3839 qui
835 3775 1126 3836 μυθολσγίαν
1154 3775 1385 3834 adducit,
1408 3778 1626 3829 Diome·
1709 3790 1891 3833 contra
1935 3799 2062 3834 vero
2105 3785 2292 3846 ἀγαθῶν
2327 3787 2558 3849 στρεπταὶ
2601 3787 2769 3850 φρένες

570 3849 672 3896 den
697 3865 813 3899 suas
841 3865 966 3914 opes
992 3853 1008 3878 ‘
1032 3851 1354 3913 praesepibus
1374 3851 1612 3912 donasse,
1616 3854 1632 3876 ’
1709 3857 1902 3923 ἄνδρων,
1925 3866 1984 3908 ut
2001 3860 2074 3908 ait
2091 3861 2382 3912 Homerus:
2406 3864 2550 3924 item,
2569 3863 2775 3914 ἄκεα-ταί

571 3931 631 3972 ut
650 3926 917 3982 ,luvenalis
954 3927 1048 3987 nit,
1072 3926 1497 3990 quemardmodnm
1522 3928 1627 3980 Ac·
1707 3952 1784 3983 τοι
1803 3933 1971 3999 φρένες
1989 3937 2189 3988 ἐσθλῶν.
2243 3939 2328 3988 De
2347 3939 2659 3988 crudelitate
2671 3941 2774 3989 iui-

572 4002 705 4046 taeon
729 4001 962 4048 cunibus.
1708 4026 1768 4059 ns
1789 4014 1952 4061 multa
1975 4013 2254 4062 Libanins'
2241 4029 2294 4062 ιιι
2309 4015 2560 4078 Progym·
2545 4031 2630 4078 0p.
2657 4021 2774 4068 101.

575 4127 582 4134 ‚
630 4076 728 4120 41⁷
758 4075 889 4129 Quin
908 4075 1095 4123 Martia
1117 4089 1357 4136 mmm.
1378 4079 1487 4142 ξω]
1515 4077 1628 4128 Διό-
1709 4085 1848 4134 unde
1870 4087 2198 4151 Phrynichus
2217 4088 2354 4151 apud
2378 4089 2650 4139 Pollucem
2665 4105 2771 4140 vn.

571 4160 713 4204 χυσις
748 4147 984 4196 obscurat
1022 4163 1243 4211 sensum,
1281 4151 1371 4212 qni
1410 4159 1523 4202 est:
1569 4155 1629 4204 Si
1707 4165 1758 4209 9.
1774 4174 1828 4223 p.
1852 4165 1966 4212 3⁷2.
1983 4159 2502 4228 &chananaeas
2515 4165 2770 4227 Ἀχιλλεὺς
2875 4075 2956 4208 j
3063 4232 3068 4240 Ι

574 4219 728 4304 ardor
746 4221 901 4270 trahit
918 4222 1165 4276 AEaciden
1185 4227 1238 4275 iu
1256 4233 1509 4278 mortuum
1530 4245 1626 4280 εω-
1705 4233 1812 4286 οὗδὲ
1834 4233 1916 4286 εἶς.
2751 4225 2859 4292 «s

574 4308 701 4344 vire.
2671 4333 2674 4336 ,
